2730 4798
112 167 113 182 s
411 139 415 182 Ι
488 187 492 198 ,
527 189 530 194 ,

137 257 272 378 ΙΝι»...
295 254 512 364 cunni..
532 197 643 358 ...pn
671 257 754 357 111,
779 258 828 358 o,
867 201 1050 344 in-tz
1097 263 1177 342 129

27 439 184 496 actualiter
200 459 254 494 nun
271 438 471 510 dissolvuntur,
488 439 537 494 sed
553 439 720 502 naturaliter
736 442 774 500 1..
788 471 831 486 ···
848 447 885 498 32
903 443 1069 501 ‘1338011'0‘11'
1085 450 1129 507 N?
1139 481 1175 497 ·-

27 521 67 569 33
83 520 231 585 pateretur
248 512 283 565 N.
299 539 344 552 ’···
361 513 422 580 illl)
441 526 493 568 om.
511 515 544 569 L.
561 543 605 556 -
624 517 659 567 34
677 513 781 582 igliur)
800 517 957 572 3111.Ῑ..·-·
973 524 1009 573 35
1031 520 1099 590 ideo)
1122 528 1175 582 Olli·

28 588 68 641 N,
92 615 140 627 ,,
156 595 184 635 et
207 583 269 653 ipsa
296 583 320 638 1.
347 584 382 642 N,
406 611 443 625 -
465 589 502 638 ³6
525 583 579 636 ilen
601 582 635 638 L.
670 586 762 650 “‚Heeo
786 602 888 653 quoque
908 586 1029 650 ¹Plutonis
1047 597 1176 650 enitentia

27 664 92 724 eet,
125 656 168 709 cui
185 655 319 709 videbatur
336 655 408 711 Deus
426 657 565 722 rotundus,
592 658 652 722 quie
671 659 742 709 nulle
758 657 793 710 eit
809 658 941 726 pulchrior
966 665 1125 721 rotunditate
1142 669 1175 720 fi-

30 726 149 853 gum.'’N
165 727 269 780 mm,
286 753 323 768 -
339 736 367 779 et
388 727 469 799 plato
496 745 642 801 numquam
664 727 699 783 L.
715 759 752 776 -·
778 737 899 783 testatur
926 731 963 789 Ν.
979 766 1017 781 -
1032 740 1068 790 31
1091 738 1176 791 inter-

31 799 103 853 dlClt
149 833 157 853 e
175 826 213 850 ι’·

124 897 186 964 lli.⁸
219 913 324 978 tamen)
343 921 434 965 autem
453 913 477 968 L
495 914 531 970 N.
548 941 592 956 —-
607 921 644 972 33
666 901 699 968 td
712 917 769 985 eet)
793 932 846 970 om.
863 917 897 973 L.
915 949 959 963 -
975 921 1012 972 43
1035 921 1178 995 unicuique
1201 946 1203 960 ¹

30 986 73 1039 rei
91 985 117 1040 L
137 984 172 1038 N.
189 1013 234 1028 -
250 988 285 1037 41
303 985 405 1036 inuenit
422 985 449 1042 N
455 1005 464 1053 ς
482 988 601 1041 innuunt
618 991 652 1046 L.
669 1017 714 1032 -
732 993 768 1042 42
785 989 877 1040 diuina
895 991 930 1046 N.
947 1021 992 1036 -
1008 994 1043 1044 43
1056 993 1179 1062 formum

29 1075 89 1112 om.
108 1056 143 1110 Ν.
160 1084 197 1099 -
219 1055 434 1108 rationalitatem
452 1058 486 1115 N.
503 1089 539 1108 -
557 1077 584 1126 p.
602 1066 664 1128 132,
683 1065 698 1114 1
715 1059 790 1128 plur.¹
817 1061 887 1119 vult.
903 1062 935 1116 L.
953 1091 991 1104 -
1007 1067 1028 1114 3
1045 1080 1095 1130 pro
1120 1085 1185 1128 cor<

29 1125 211 1200 potabilitote
236 1126 290 1179 diu.
313 1126 339 1179 L
363 1126 398 1185 Ν.
422 1158 459 1171 -
482 1134 500 1184 4
522 1148 606 1185 exere.
630 1139 738 1184 constat
763 1133 797 1189 L.
817 1164 863 1177 -
887 1137 905 1185 Β
929 1133 1067 1202 relinquat
1091 1135 1126 1188 N.
1142 1165 1180 1190 -.,

33 1217 125 1253 exerc.
142 1197 232 1268 uinL
252 1197 287 1250 N.
304 1229 348 1242 -
366 1202 383 1251 9
401 1199 503 1252 Anima
519 1219 561 1254 en.
580 1213 612 1253 ut
632 1202 748 1254 diximus
772 1209 825 1257 elo.
851 1203 886 1257 N·
898 1197 953 1267 ,-’
971 1209 1005 1258 ln
1023 1202 1104 1262 habet
1118 1209 1178 1274 pot.

35 1273 74 1327 N.
92 1302 137 1315 -
155 1271 190 1321 12
207 1268 368 1320 mundanam
391 1271 515 1340 eundem)
542 1289 593 1327 om.
617 1274 657 1338 1.;
680 1273 800 1342 eandem)
824 1291 876 1330 om.
903 1275 937 1330 N.
954 1305 998 1320 -
1016 1279 1050 1328 13
1075 1277 1180 1344 animo)

34 1360 92 1396 om.
109 1346 134 1398 L
152 1340 187 1393 N.
203 1369 249 1386 -·
265 1340 294 1392 in
312 1357 417 1410 corpore
434 1360 491 1394 esse
507 1343 543 1396 N.»
558 1375 600 1420 -3
611 1345 642 1397 in
658 1345 775 1398 homines
798 1345 853 1398 viu.
875 1346 922 1412 M3
945 1347 974 1400 in
999 1364 1106 1416 corpore
1123 1349 1178 1405 viu.

33 1415 71 1486 N,
91 1442 137 1457 -
151 1415 188 1464 14
206 1409 274 1463 duas
293 1411 362 1466 non..
379 1429 426 1470 an.
443 1415 483 1482 L3
500 1414 570 1466 duae
587 1432 632 1469 an.
649 1417 731 1472 eund.
748 1416 817 1472 liom.
835 1417 870 1476 N.
886 1450 932 1463 -

101 1523 104 1530 ’
125 1512 177 1578 15.
197 1530 274 1593 sunt)
291 1544 343 1583 om.
368 1530 407 1582 M.
421 1555 466 1570 ···
490 1535 525 1586 16
550 1531 680 1586 uehiculis
703 1534 727 1588 L
752 1532 788 1588 N·
811 1562 857 1576 -
881 1531 991 1585 cottidie
1013 1531 1053 1597 L3
1082 1532 1180 1586 cotidie

34 1601 72 1657 N.
88 1603 189 1658 -18
208 1601 303 1670 Nomy
315 1616 367 1653 om.
385 1601 415 1654 M
433 1601 468 1654 N.
485 1631 530 1646 -ι
549 1601 585 1652 ali
602 1603 728 1657 hebraica
746 1605 863 1657 ueritate
881 1606 913 1660 M
931 1604 964 1659 N.
981 1634 1028 1672 ς.-
1044 1603 1079 1656 19'
1104 1604 1178 1656 arbi-

33 1681 146 1727 trantes
163 1669 200 1724 Ν.
211 1667 261 1714 ⁴--
277 1672 343 1744 quia
361 1669 454 1723 dicunt
468 1674 508 1728 M.
529 1705 579 1730 .-
595 1671 720 1747 fru'tris)
744 1692 796 1729 om.
824 1677 863 1729 M.
889 1702 934 1716 -
957 1679 994 1727 23
1018 1675 1056 1725 ad
1080 1692 1120 1726 me
1147 1677 1180 1728 ele

33 1743 134 1810 terre)
148 1758 200 1798 om.
218 1743 252 1797 Ι..
269 1771 314 1784 -
333 1746 367 1795 21
387 1743 430 1809 de)
459 1762 519 1796 cum
543 1746 578 1802 N.
594 1780 639 1793 -
673 1747 747 1800 Abel
768 1751 861 1812 erant)
882 1744 1031 1806 ¹abluerant
1057 1744 1178 1816 ine'orp‘o·
1264 1755 1267 1760 '

36 1811 157 1868 ...nm
181 1815 228 1881 Μ;
241 1815 245 1838 ·
260 1813 305 1869 uu
336 1813 424 1879 nu...
459 1816 518 1869 “ua
546 1801 620 1885 cie,
645 1813 743 1890 nque.
795 1819 906 1872 videtur
930 1823 1016 1871 nme..
1041 1817 1180 1874 dicendum

36 1881 172 1958 optabant
188 1885 379 1956 incorporari.”
396 1920 442 1933 -
457 1891 494 1941 22
512 1887 541 1939 in
559 1907 629 1958 corp.
653 1887 724 1948 beat.
749 1889 774 1942 L
799 1887 836 1943 N.
854 1919 896 1932 -
914 1893 951 1943 23
978 1890 1064 1952 auct.)
1092 1889 1120 1940 di
1138 1890 1182 1940 ni·
1264 1939 1268 1953 ,

35 1957 110 2010 tatis
126 1959 157 2011 Μ
174 1958 209 2012 Ν.
226 1989 271 2004 -·
288 1959 324 2008 24
340 1955 459 2024 efficitur
476 1960 506 2013 M
524 1960 559 2012 N.
576 1986 622 1998 -
637 1959 667 2011 in
694 1959 773 2027 uita)
801 1960 908 2015 inunita
932 1961 971 2015 Μ.
989 1989 1033 2002 -
1050 1965 1093 2019 27.
1134 1962 1182 2013 'ce-

35 2029 125 2098 bant)
142 2029 238 2094 uolunt
255 2029 291 2087 N.
308 2056 352 2069 -
368 2032 406 2080 23
422 2031 473 2082 lios
489 2031 562 2084 trull.
580 2031 623 2098 123
640 2031 671 2082 id
686 2029 760 2100 trah.
777 2030 813 2086 N.
830 2057 874 2072 -
901 2041 929 2084 et
955 2032 1026 2098 insp·
1042 2025 1119 2092 L‘N.
1136 2063 1181 2075 -
1204 2042 1206 2048 ’

36 2107 75 2154 23
96 2109 129 2152 ut
145 2103 227 2171 ajunt
243 2100 279 2155 N.
296 2129 342 2147 ···
357 2103 394 2160 33
411 2097 481 2152 redit
498 2101 532 2154 Ι..
548 2132 593 2144 -
610 2107 643 2153 31
673 2102 714 2152 Ηί
739 2101 827 2172 igitur
852 2103 900 2154 deo
921 2101 957 2155 N.
979 2133 1025 2147 --
1042 2111 1126 2174 tamq.
1152 2111 1182 2154 et
1285 2147 1294 2159 ,

36 2169 149 2224 divisib.
164 2171 201 2224 sit
218 2172 262 2225 uel
277 2170 372 2224 localis
389 2171 416 2224 N
422 2190 432 2236 ;
447 2170 491 2223 vel
507 2171 585 2226 diuis.
603 2172 627 2224 Ι.
646 2173 686 2224 M.
703 2203 749 2216 -
765 2175 801 2223 32
818 2173 911 2226 Aeser.
929 2173 1039 2244 quidam
1065 2173 1183 2242 proelii

37 2245 66 2298 L
86 2243 121 2294 N.
139 2269 175 2281 -
191 2247 225 2296 33
251 2243 357 2296 innasci
380 2241 414 2298 L.
438 2268 474 2281 -
497 2245 533 2294 34
559 2251 588 2292 et
615 2242 716 2309 auium)
744 2257 797 2295 om.
823 2243 869 2309 M;
891 2241 934 2292 ita
955 2244 1046 2294 anima
1065 2245 1125 2312 filii
1148 2245 1182 2294 de

39 2313 137 2364 anima
151 2313 239 2382 patris
254 2323 369 2384 putetur
381 2329 424 2384 pr.
442 2311 478 2382 N.
495 2339 530 2352 ·-
548 2312 665 2365 trallunt
689 2329 795 2385 argum.
818 2312 851 2363 de
874 2311 977 2366 similit.
1003 2315 1047 2380 M3
1074 2332 1181 2385 orgum.

40 2383 184 2436 trahentes
204 2397 232 2435 α·
245 2405 316 2438 cons.
340 2385 374 2440 N.
400 2412 436 2426 -
460 2387 496 2438 33
522 2381 647 2438 indubiae
674 2383 721 2442 M.
737 2409 774 2429 *-
798 2401 845 2435 nee
869 2383 931 2436 nin.-
955 2385 1125 2437 onimasnec
1152 2386 1182 2440 il.

38 2455 121 2508 nasci
137 2455 176 2522 1.,
193 2459 237 2524 qui
255 2459 354 2524 reliqna
370 2458 431 2511 inde
447 2473 463 2512 u
480 2457 567 2512 verbis
584 2455 627 2509 uel
651 2455 736 2508 creari
754 2495 761 2510 .
776 2494 783 2510 .
800 2493 808 2509 .
823 2495 831 2510 .
849 2473 956 2524 corpore
980 2456 1057 2508 nasci
1078 2472 1137 2510 cum
1155 2457 1182 2510 N
1268 2507 1272 2522 ,

37 2527 142 2581 omisit.
157 2556 194 2568 -
210 2533 246 2580 38
277 2528 332 2581 uod
348 2539 389 2582 est
408 2538 487 2596 temp.
504 2530 545 2596 1.;
563 2528 628 2602 quia
646 2545 668 2581 e.
687 2536 711 2578 t.
735 2527 770 2585 N.
787 2555 823 2566 -
840 2526 970 2600 illique)
997 2527 1070 2599 quod
1092 2529 1127 2582 Ι..
1144 2555 1183 2570 -·
1210 2553 1212 2562 ’

35 2605 82 2654 43
96 2598 126 2648 in
142 2549 290 2668 corporeL
314 2599 348 2652 N.
368 2627 403 2640 ·-
437 2601 536 2655 “Immo
562 2599 717 2653 contrarium
742 2599 838 2668 poesim
860 2597 1036 2652 demonstrent
1060 2597 1182 2653 catholici

35 2669 188 2741 philosophi
211 2687 244 2724 ao
268 2670 398 2738 theologi,
428 2688 494 2740 quoe
525 2674 595 2727 inter
621 2671 767 2724 Monteirue
790 2686 865 2740 prop.
889 2669 925 2722 Χ.
970 2671 1072 2725 Videsiu
1102 2674 1182 2725 etiam

34 2745 187 2807 fragmenta
204 2744 363 2796 Graecorum
380 2743 487 2797 Petrum
505 2761 577 2798 eme
595 2742 709 2797 edite-«in
726 2749 798 2796 tomo
815 2741 830 2796 1
854 2743 918 2796 coll.
941 2737 1001 2798 vlt.
1025 2743 1052 2798 in
1077 2743 1182 2800 Leontii
1246 2780 1248 2790 ι

33 2817 159 2869 locorum
175 2829 309 2875 puerorum
325 2813 491 2882 specimine.”
526 2816 631 2869 Misus.
887 2847 890 2855 »

92 2947 93 2952 ’
129 2911 180 2978 16.
204 2929 286 2999 duae)
303 2946 355 2986 om.
373 2929 398 2982 L
415 2927 450 2986 Ν.
468 2957 503 2968 -
521 2929 592 2982 vires
609 2941 676 2984 sunt
693 2930 769 2986 NL.
786 2959 821 2972 -
839 2931 943 2996 altera)
970 2941 999 2983 et
1016 2929 1074 2984 elin
1090 2931 1130 2986 Μ.
1143 2960 1180 2977 -

30 3005 73 3055 42
94 2997 222 3068 inferior)
237 3002 357 3072 superior
374 2999 410 3058 N.
427 3029 463 3041 -
480 2999 594 3054 Animae
611 3041 681 3058 ....
698 3019 782 3071 usque
798 3003 832 3057 ud
849 3023 877 3074 p.
895 3007 963 3071 183,
980 3008 999 3056 2
1021 3005 1182 3074 superiorem
1228 3005 1230 3012 ’

31 3071 131 3127 omisit
156 3070 189 3124 Ι..
216 3091 306 3142 super.
332 3077 374 3130 e'n.
398 3071 485 3126 celest.
513 3072 614 3140 N.‚-
634 3078 669 3127 43
694 3091 723 3126 ce
746 3075 797 3125 illa
821 3072 992 3144 concupiscen
1018 3075 1054 3130 N.
1077 3105 1113 3116 -
1145 3081 1181 3132 44

29 3143 160 3199 Animus
178 3152 268 3194 autem
286 3143 321 3197 Ν.
338 3172 372 3184 -
390 3143 442 3216 'qui
465 3143 500 3196 N.
517 3171 554 3183 -
572 3149 607 3199 45
630 3165 701 3203 cons.
726 3151 797 3215 corp.
820 3145 857 3204 Ν.
883 3173 918 3186 -
935 3149 971 3200 46
995 3147 1049 3198 Eu
1076 3166 1182 3221 quoque

28 3231 104 3282 sup.
120 3212 155 3265 N.
172 3241 208 3254 -
235 3219 385 3285 p.183‚2
409 3213 457 3267 ud
478 3213 631 3285 inferiorem
653 3215 688 3272 N.
704 3244 741 3257 -·
776 3219 828 3268 Est
852 3225 942 3268 autem
968 3215 1004 3272 N.
1030 3245 1067 3258 -
1090 3220 1180 3276 eueL

28 3287 80 3351 N3
101 3285 176 3334 Evae
194 3285 234 3342 M.
251 3312 287 3329 ·-
304 3292 321 3341 3
337 3286 444 3352 rexiee.)
459 3287 598 3338 extitisset
613 3288 647 3341 Ι..
664 3316 702 3330 -
736 3288 811 3355 Ενα)
829 3303 880 3343 om·
904 3288 944 3342 M.
961 3316 992 3328 -
1019 3288 1100 3360 inser.
1118 3259 1181 3344 Noa
1279 3263 1297 3339 ,Ι

28 3359 73 3414 N.
98 3383 134 3394 -
150 3359 167 3408 6
185 3361 258 3424 poet.
275 3365 302 3406 et
319 3357 345 3410 N
363 3359 402 3414 M.
419 3385 456 3398 -
474 3362 491 3410 7
508 3356 542 3409 Si·
555 3356 684 3431 inquiunt
702 3365 753 3418 etc.
772 3359 796 3416 L
821 3359 857 3412 Ν.
871 3363 944 3410 -8
968 3361 1038 3431 qua)
1066 3379 1115 3414 eur
1139 3363 1180 3428 Le

27 3443 104 3483 cum
122 3423 156 3478 N.
175 3453 211 3464 ···
228 3431 246 3478 9
264 3424 430 3498 incorporeae
447 3445 500 3482 non
517 3428 551 3482 Ι..
573 3457 600 3470 ··
620 3431 676 3488 uid.
694 3440 746 3484 tot.
763 3431 798 3485 N.
827 3457 861 3470 -
886 3429 965 3481 vivae
982 3466 991 3484 .
1006 3440 1049 3484 eet
1073 3431 1099 3485 N
1105 3452 1113 3499 3
1136 3434 1180 3486 ui-

26 3495 166 3556 cinitatis
183 3504 224 3546 est
242 3495 274 3551 L.
289 3523 327 3543 ¹·-
346 3503 381 3551 13
396 3500 471 3570 agn.)
490 3517 642 3572 cognoscere
659 3493 683 3555 L
701 3501 737 3556 Ν.
754 3528 790 3543 -·
807 3499 921 3572 coeperit
937 3500 974 3558 N.
990 3530 1025 3543 -
1044 3506 1079 3556 12
1101 3505 1181 3573 post)
1263 3503 1266 3509 ’
1302 3477 1304 3482 ¹

27 3589 95 3628 om.
114 3566 140 3620 L
157 3566 192 3618 N.
208 3591 244 3604 ·-
261 3563 388 3620 oblivione
406 3569 441 3622 N.
459 3599 495 3612 -—
530 3572 605 3627 Serv.
623 3573 657 3626 ad
684 3575 732 3629 Ae.
749 3577 781 3639 o,
798 3575 861 3626 714.
884 3575 972 3644 -,-,14
997 3573 1106 3642 iterum)
1127 3591 1179 3630 om.

25 3646 70 3700 N.
95 3664 132 3679 ·-
152 3635 184 3685 dt
200 3633 284 3686 'well-³
309 3635 334 3688 Ῑ.
358 3639 393 3694 Ν.
416 3666 451 3682 ·-
475 3645 511 3695 13
531 3641 750 3714 philosophorum
773 3643 933 3698 sententiam
951 3642 1014 3716 fut.
1039 3644 1072 3703 L.
1091 3675 1127 3688 -·
1145 3651 1179 3701 13

27 3708 139 3782 Virg·)
158 3707 205 3760 Ae·
223 3709 256 3794 ‘i’
280 3699 344 3762 715·
883 3717 885 3726 ὓ

87 3811 91 3823 .
129 3809 182 3904 17:
202 3840 228 3877 v·
246 3826 281 3876 19
297 3824 431 3892 expressio
457 3839 500 3882 m.
519 3831 554 3886 N·
580 3861 616 3872 ,,
640 3831 737 3904 quom.)
763 3828 881 3902 qualiter
905 3833 946 3899 L3
970 3833 1077 3905 quando
1099 3835 1180 3893 videl.

26 3893 85 3953 ..el
106 3893 223 3960 qualiter
239 3895 274 3948 N.
291 3923 328 3936 -
349 3901 386 3948 23
397 3897 518 3967 suerunt
535 3903 570 3958 N.
605 3902 694 3955 “inter
710 3907 812 3954 ceteros
836 3903 881 3956 diu
903 3907 1063 3973 multumque
1086 3909 1112 3962 in
1131 3908 1180 3966 hoe
1228 3925 1231 3942 ¹

32 3969 198 4018 ...numento
217 3972 333 4020 verentur
349 3967 459 4024 Proelue
476 3973 588 4028 ineditus
608 3974 646 4029 ed.
658 3974 703 4026 lib·
720 3973 747 4026 X
765 3973 830 4042 reip.
848 3976 991 4032 Platonist’
1027 3979 1131 4032 Mune.
1142 4011 1180 4025 -

30 4033 81 4082 20
102 4043 241 4092 1omeont,
266 4055 346 4110 quum
370 4037 455 4092 innoc.
482 4045 626 4109 secundum
650 4044 821 4114 philosophos
846 4046 885 4096 ael
906 4057 984 4102 astra
1007 4061 1181 4108 revertuntur

32 4093 218 4176 (reseruntur
234 4109 274 4178 L)
292 4119 325 4162 ut
350 4108 438 4175 evitet
462 4111 510 4179 (ut
532 4118 615 4182 ajunt
637 4115 678 4183 Ν)
700 4133 751 4185 pro
778 4122 829 4168 eto.
854 4117 878 4169 L
901 4118 936 4173 N.
960 4145 996 4158 ···
1018 4123 1055 4171 22
1076 4129 1180 4193 pretio)
1227 4179 1229 4183 .

31 4175 142 4247 „nerito
158 4164 192 4227 N.
207 4205 242 4220 .-
259 4190 366 4234 aetem
382 4181 427 4248 M,
444 4185 489 4250 qui
508 4201 560 4239 om·
577 4185 654 4240 lueis.
671 4213 708 4226 -
725 4189 779 4239 a'et.
796 4183 850 4239 luc.
868 4198 926 4257 opt.
942 4206 1020 4243 neers.
1038 4191 1074 4245 N.
1093 4223 1127 4236 -
1143 4201 1180 4249 23

29 4235 126 4321 nialus
143 4255 231 4294 comm.
248 4251 273 4302 L
288 4251 323 4305 N.
336 4277 372 4294 -
389 4254 560 4322 proiciantur
575 4257 662 4308 stellis
686 4255 714 4310 N
719 4275 729 4322 ς
749 4255 837 4308 stellis
856 4259 1010 4328 puniantur
1033 4262 1081 4330 M;
1096 4267 1181 4334 *proi-

29 4318 156 4394 auniur
173 4309 206 4363 L·
223 4340 259 4358 -·
272 4325 308 4376 24
324 4323 367 4379 na
384 4338 435 4383 om.
447 4326 476 4382 ·ῐ.
494 4326 531 4386 N.
548 4355 584 4368 ·-
600 4328 669 4381 idem
685 4343 737 4385 om·
754 4326 826 4382 LN·
843 4345 881 4384 u.
897 4333 948 4390 e..
966 4326 1058 4400 4245
1075 4350 1132 4406 seo
1143 4365 1191 4392 ·-=
1215 4341 1218 4347 “

754 4425 777 4492 9
871 4437 873 4451 .
