2744 4788
188 215 267 294 aaa
417 169 421 176 ’
544 211 728 318 urrann.
764 214 817 291 11.
871 215 966 292 aaa.

83 481 89 490 ¹
185 417 221 472 et
241 405 284 470 ob
304 403 368 470 lroc
389 399 517 468 dimissa
548 401 725 490 provincia,
756 401 840 471 venit
870 402 914 472 ad
944 402 1086 482 Italiam,
1118 403 1315 494 expulsisque

184 490 427 578 Aboriginibus,
448 487 549 554 tenuit
569 487 657 566 loca,
677 489 708 554 in
731 490 844 576 quibus
865 509 957 556 nunc·
971 501 1020 556 est
1040 490 1168 572 Roma3
1198 505 1234 558 et
1253 517 1315 558 mo

182 575 291 642 dicum
312 573 463 663 oppidum
483 571 624 650 fundavit
642 574 675 638 in
694 585 802 642 monte
823 575 976 650 Palatino.
1019 576 1084 642 Hic
1105 591 1196 642 mous
1217 576 1315 644 dictus

185 672 236 729 est
256 660 418 728 Palatinus
447 683 466 726 a
494 659 652 738 Pallante,
687 681 747 724 avo
774 661 933 740 Evandri,
966 660 1013 726 rel
1041 662 1151 728 afilia
1177 663 1314 728 Euandri

160 745 370 822 bPallantea,
407 746 448 812 ab
469 745 611 810 Hercule
631 743 754 824 vitiata,
790 757 824 812 et
842 746 904 814 illic
925 747 1066 834 sepulta,
1099 746 1147 813 rel
1168 761 1259 814 certe
1277 751 1315 812 ab

207 832 255 898 'us
277 831 339 898 filio
359 831 519 908 Pallante,
553 831 706 895 aTuruo
727 833 913 912 interl'eoto,
939 845 978 900 et
996 831 1211 920 illiesepulto.
1256 835 1316 900 Ubi

181 853 262 984 'dum
295 915 484 1004 aliquamdiu
511 929 672 994 moratur,
708 918 884 1005 bovesque,
958 939 994 984 os
1028 919 1135 985 occiso
1165 920 1317 1009 Geryone

183 1002 372 1082 abstulerat,
407 1012 569 1090 pasceret,
613 1003 738 1080 Cacus,
774 1023 884 1069 serrus
941 1001 1067 1084 vandri,
1106 1004 1166 1071 sibi
1194 1005 1315 1093 aliquos

181 1088 364 1169 iurabatur3
401 1109 481 1175 quos
513 1087 606 1152 etiam
639 1087 738 1165 versis
765 1089 905 1175 vestigiis
939 1087 1043 1154 cauda
1064 1087 1106 1154 ad
1133 1090 1316 1177 speluncam

135 1175 295 1254 totrarit,
331 1195 372 1238 ne
402 1175 506 1260 aliqua
535 1171 668 1263 vestigia
689 1187 894 1260 quaerentem
916 1173 958 1239 ad
979 1173 1161 1262 speluncam
1184 1177 1315 1246 lerrent.

179 1260 273 1335 Quos
289 1258 413 1349 jamdiu
441 1256 602 1362 quaesitos
637 1279 735 1344 quum
769 1258 927 1326 Hercules
956 1261 1082 1346 mugitu
1109 1261 1201 1328 rruius
1230 1265 1315 1330 boris

178 1343 338 1436 piotlente
358 1345 542 1422 invenisset,
565 1343 689 1410 Cacum
710 1343 753 1410 de
772 1345 924 1434 spelunca
944 1355 1099 1426 nactum,
1124 1357 1157 1414 et
1178 1345 1317 1416 lumeam
1347 1369 1351 1380 '

135 1471 138 1482 ·
183 1443 383 1498 evomentem
422 1427 595 1516 caliginem·
625 1428 751 1496 occidit
808 1431 934 1498 Dicitur
969 1443 1076 1500 autem
1103 1429 1178 1498 ideo
1207 1436 1314 1503 Cacus

180 1517 262 1584 lilius
294 1515 392 1582 luisse
420 1514 571 1594 Vulcani,
606 1532 663 1579 ore
688 1515 799 1603 ignem
827 1527 860 1584 et
889 1516 1010 1582 furnum
1037 1540 1204 1598 evomens,
1241 1524 1313 1608 quia

139 1602 291 1669 loomnia
317 1601 418 1668 vicina
447 1602 525 1688 igne
551 1599 772 1703 populabatur.
815 1601 940 1669 Veritas
959 1613 1065 1669 tamen
1084 1603 1200 1685 habet,
1229 1605 1313 1674 hunc

135 1689 282 1767 3suisse
301 1685 443 1754 Evandri
468 1707 690 1774 nequissimum
722 1695 866 1754 servum'
911 1683 1065 1755 Novimus
1087 1689 1189 1767 enim,
1210 1689 1312 1761 auaris

133 1775 136 1783 '
180 1773 365 1844 aGraecis
396 1769 530 1844 moltam
559 1770 630 1836 dici.
683 1771 797 1858 Ignem
825 1771 934 1840 'autem
963 1772 1067 1841 dictus
1099 1785 1150 1841 est
1174 1799 1313 1858 vomere,

13 1901 22 1918 .
52 1885 60 1900 ,
180 1859 269 1948 quod
297 1877 395 1946 agros
422 1858 499 1942 igne
528 1855 749 1945 populabatur.
790 1857 895 1946 Igitur
922 1858 1040 1926 omnis:
1050 1857 1167 1926 malitia
1192 1863 1311 1930 lumum

181 1953 327 2024 eructat,
346 1967 386 2010 eo
407 1940 495 2031 quod
517 1943 681 2008 contraria
699 1944 739 2010 sit
761 1946 892 2012 veritati.
919 1945 1018 2012 Hunc
1037 1966 1130 2011 soror
1151 1967 1207 2012 sua
1228 1948 1310 2038 ejus·
1364 1996 1365 2014 i

137 2029 255 2096 ’odem
276 2031 408 2096 nominis
430 2027 585 2122 prodidit.-
621 2027 717 2093 Unde
738 2029 886 2095 sacellum
910 2031 1043 2112 meruit,
1062 2031 1094 2095 in
1116 2053 1177 2118 qno
1198 2033 1227 2098 ei
1246 2055 1308 2119 per

180 2116 317 2204 virgines
341 2118 459 2182 Vestae
478 2114 726 2182 sacrificabatur.
770 2114 876 2188 Quum
902 2127 1008 2182 autem
1030 2117 1186 2183 Hercules
1204 2129 1308 2184 morte

46 2218 54 2230 “
179 2199 261 2268 Caci
291 2201 436 2270 virtrnem
466 2201 647 2287 probasset,
692 2223 731 2264 ac
762 2202 981 2286 pronomine
1014 2216 1182 2288 susceptus
1214 2217 1310 2284 esset,

178 2285 314 2360 maxima
337 2289 367 2354 ei
390 2282 558 2353 constituta
574 2299 623 2349 est
645 2307 720 2365 ara,
741 2307 837 2371 quam
857 2287 990 2354 Hercula
1004 2285 1180 2375 Delphicus
1199 2291 1310 2378 Apollo

109 2397 112 2403 ’
183 2372 217 2438 in
246 2373 338 2440 Italia
366 2373 435 2438 sore
463 2369 673 2458 praedixerat
717 2369 823 2444 Quum
853 2394 933 2460 ergo
956 2371 997 2436 de
1022 2395 1081 2439 suo
1102 2389 1248 2443 armento
1271 2376 1309 2442 ad

138 2465 242 2522 ansus
262 2459 417 2523 sacrificia
439 2454 581 2524 dedisset
596 2454 754 2542 quaedam
777 2457 893 2545 capita,
913 2457 1029 2524 inventi
1046 2469 1119 2525 sunt
1137 2459 1202 2528 duo
1218 2487 1310 2528 sanes
1362 2443 1364 2492 l

176 2540 326 2610 Pinarius
347 2557 381 2612 et
399 2541 554 2630 Potitius,
575 2541 704 2627 quibus,
728 2541 860 2627 qualiter
881 2565 916 2610 se
938 2544 998 2608 coli
1023 2543 1131 2625 vellet,
1154 2550 1311 2628 ostendit3

178 2628 300 2696 seilicet
329 2640 365 2697 ut
393 2649 487 2694 mane
515 2641 548 2694 et
573 2648 706 2711 vespere
726 2627 968 2696 sacrificaretur.
1017 2627 1173 2713 Perfecto
1201 2633 1314 2722 itaquo

131 2715 332 2786 ..matutino
360 2709 536 2791 sacrificio,
570 2732 667 2798 quum
698 2709 784 2778 circa
815 2715 888 2780 solis
913 2737 1063 2780 occasum
1087 2730 1197 2787 essent
1219 2743 1314 2787 sacra

176 2799 370 2886 repetenda,
397 2797 534 2866 Potitius
556 2796 643 2884 prior
659 2795 801 2878 advenit,
829 2799 977 2867 Pinarius
996 2812 1126 2890 postea,
1146 2805 1228 2872 extis
1249 2808 1316 2896 jam

134 2883 320 2952 aoredditis
370 2883 465 2950 Unde
488 2877 592 2950 iratus
619 2881 779 2948 Hercules
807 2885 936 2964 statuit,
970 2900 1006 2953 ut
1031 2883 1235 2958 Pinariorum
1269 2893 1317 2958 sa-

172 2969 259 3124 mplia
287 2978 409 3036 tantum
440 2969 580 3052 miluum
606 2982 692 3037 esset
722 2967 921 3058 epulantibus
946 2969 1072 3042 Potitiis
1094 2985 1127 3044 et
1148 2977 1316 3070 complen-

142 3069 144 3077 ’
173 3065 261 3132 ttrrs
284 3076 388 3126 saera.
479 3109 482 3118 .

376 3305 383 3314 ·
459 3305 461 3312 ·
545 3265 639 3341 154.
693 3266 929 3344 Admetus.

175 3451 181 3461 ,
233 3398 427 3478 'Admetum
457 3419 521 3477 ,rex
554 3395 730 3478 Graeciae,
769 3397 927 3466 Alcestam
953 3396 986 3464 in
1017 3393 1182 3488 conjugio
1208 3405 1321 3490 petiit,
1362 3402 1363 3428 ³

130 3483 269 3574 &cujus
296 3497 388 3574 pater
416 3474 555 3550 edictum
586 3485 768 3572 proposuit,
806 3495 842 3552 ut
870 3484 992 3574 siquis
1019 3481 1100 3550 duas
1133 3485 1222 3553 feras
1261 3493 1322 3558 sibi
1362 3513 1363 3560 l

131 3577 153 3633 ζ.
171 3567 314 3658 dispares
344 3592 402 3638 suo
433 3567 539 3634 currui
564 3565 736 3718 jungeret,
771 3567 855 3636 illam
885 3569 927 3636 in'
949 3568 1099 3663 conjugio
1134 3573 1322 3664 acciperet.
1362 3563 1363 3656 l

171 3655 323 3724 Admetus
351 3659 375 3724 Δ
401 3652 523 3719 ollinem
556 3664 609 3740 et„
654 3654 793 3725 arealem
817 3656 849 3720 in
878 3652 1025 3722 auxilium
1049 3653 1154 3742 petiit,
1201 3663 1269 3748 qui
1293 3663 1322 3728 ei
1362 3661 1363 3748 l

171 3737 213 3806 atl
233 3763 361 3806 currum
379 3677 505 3806 leonem
523 3749 558 3803 et
577 3761 687 3825 aprum
703 3739 882 3830 junxerunt.
925 3739 973 3805 lta
995 3739 1151 3807 Alceslain
1174 3742 1207 3807 in
1238 3772 1324 3812 con-
1362 3751 1363 3812 l

165 3821 291 3914 jugium
317 3825 451 3912 accepit.
494 3824 665 3910 Quumque
684 3827 715 3889 in
737 3827 947 3892 infirmitatem
973 3827 1124 3894 Admetus
1161 3831 1326 3912 caderet,

127 3917 205 3976 toet
235 3923 366 3977 mortem
398 3910 457 3976 sibi
485 3909 629 3994 timeret,
666 3933 852 3998 responsum
878 3923 927 3977 est
954 3913 994 3976 ab
1025 3912 1171 3978 oraculo:
1204 3941 1328 4003 posse

170 4015 248 4060 eum
269 3995 533 4067 adlrucoivere,
555 3993 588 4057 si
608 4005 711 4074 esset,
742 3996 803 4083 qui
822 4018 886 4080 pro
908 4017 945 4060 eo
965 3995 1068 4061 vellet
1092 3999 1190 4061 mori.
1250 4005 1327 4070 Sed

169 4078 296 4146 lllcesta
315 4091 410 4168 quum
429 4078 659 4166 cognovisset,
698 4097 736 4146 se
755 4079 919 4146 moriendo
948 4081 1007 4148 triri
1038 4082 1086 4147 sui
1112 4105 1226 4170 posse
1256 4091 1330 4158 tata

62 4209 70 4224 .
151 4161 372 4252 'producere'
398 4174 470 4230 'sele
491 4163 606 4230 obtulit
623 4166 726 4231 morti.
776 4166 881 4239 Quam
909 4186 1007 4252 quum
1039 4167 1215 4235 satanam
1259 4177 1330 4243 Ad.

167 4259 271 4317 mettts
284 4248 490 4337 'impatienter
520 4246 657 4331 doleret,
692 4249 868 4336 flauum,
903 4251 978 4319 dum
1004 4249 1046 4318 ad
1073 4253 1329 4332 Tricerberurn
1361 4279 1362 4338 l
