<?xml version="1.0" encoding="UTF-8"?>
<!DOCTYPE html PUBLIC "-//W3C//DTD XHTML 1.0 Transitional//EN"
    "http://www.w3.org/TR/xhtml1/DTD/xhtml1-transitional.dtd">
<html xmlns="http://www.w3.org/1999/xhtml" xml:lang="en" lang="en">
 <head>
  <title>
</title>
<meta http-equiv="Content-Type" content="text/html;charset=utf-8" />
  <meta name='ocr-system' content='tesseract 3.04.00' />
  <meta name='ocr-capabilities' content='ocr_page ocr_carea ocr_par ocr_line ocrx_word'/>
</head>
<body>
  <div class='ocr_page' id='page_1' title='image "./scriptoresrerum01bodegoog_0123.png"; bbox 0 0 2716 4794; ppageno 0'>
   <div class='ocr_carea' id='block_1_1' title="bbox 141 175 980 282">
    <p class='ocr_par' dir='ltr' id='par_1_1' title="bbox 141 175 980 282">
     <span class='ocr_line' id='line_1_1' title="bbox 141 175 980 282; baseline 0.004 -26"><span class='ocrx_word' id='word_1_1' title='bbox 141 179 199 261; x_wconf 81' lang='grc' dir='ltr'><strong>ιιι</strong></span> <span class='ocrx_word' id='word_1_2' title='bbox 353 213 395 236; x_wconf 67' lang='lat'><strong><em>„</em></strong></span> <span class='ocrx_word' id='word_1_3' title='bbox 451 175 717 282; x_wconf 62' lang='lat' dir='ltr'><strong>umagen.</strong></span> <span class='ocrx_word' id='word_1_4' title='bbox 771 175 980 260; x_wconf 76' lang='lat' dir='ltr'><strong>ata-eu.</strong></span> 
     </span>
    </p>
   </div>
   <div class='ocr_carea' id='block_1_2' title="bbox 18 361 1277 546">
    <p class='ocr_par' dir='ltr' id='par_1_2' title="bbox 18 354 1347 554">
     <span class='ocr_line' id='line_1_2' title="bbox 141 361 1277 454; baseline 0.006 -18"><span class='ocrx_word' id='word_1_5' title='bbox 141 387 196 436; x_wconf 87' lang='lat' dir='ltr'><strong>res</strong></span> <span class='ocrx_word' id='word_1_6' title='bbox 217 363 404 436; x_wconf 74' lang='lat' dir='ltr'><strong>Phaethusa</strong></span> <span class='ocrx_word' id='word_1_7' title='bbox 423 373 457 432; x_wconf 89' lang='lat' dir='ltr'><strong>et</strong></span> <span class='ocrx_word' id='word_1_8' title='bbox 485 361 676 454; x_wconf 73' lang='lat' dir='ltr'><strong>Lampetie,</strong></span> <span class='ocrx_word' id='word_1_9' title='bbox 696 361 849 434; x_wconf 88' lang='lat' dir='ltr'><strong>&#39;deorum</strong></span> <span class='ocrx_word' id='word_1_10' title='bbox 871 365 1078 437; x_wconf 84' lang='lat' dir='ltr'><strong>miseratione</strong></span> <span class='ocrx_word' id='word_1_11' title='bbox 1097 367 1131 436; x_wconf 89' lang='lat' dir='ltr'><strong>in</strong></span> <span class='ocrx_word' id='word_1_12' title='bbox 1151 371 1277 442; x_wconf 85' lang='lat' dir='ltr'><strong>arbores</strong></span> 
     </span>
     <span class='ocr_line' id='line_1_3' title="bbox 18 449 1221 546; baseline 0 -22"><span class='ocrx_word' id='word_1_13' title='bbox 18 517 53 544; x_wconf 70' lang='grc'><strong>,,</strong></span> <span class='ocrx_word' id='word_1_14' title='bbox 144 464 361 524; x_wconf 75' lang='lat' dir='ltr'><strong>commutatae</strong></span> <span class='ocrx_word' id='word_1_15' title='bbox 380 461 456 522; x_wconf 85' lang='lat' dir='ltr'><strong>suut</strong></span> <span class='ocrx_word' id='word_1_16' title='bbox 474 449 584 533; x_wconf 86' lang='lat' dir='ltr'><strong>aluos,</strong></span> <span class='ocrx_word' id='word_1_17' title='bbox 605 449 672 530; x_wconf 82' lang='lat' dir='ltr'><strong>rei,</strong></span> <span class='ocrx_word' id='word_1_18' title='bbox 693 461 730 522; x_wconf 87' lang='lat' dir='ltr'><strong>ut</strong></span> <span class='ocrx_word' id='word_1_19' title='bbox 749 451 801 520; x_wconf 82' lang='lat' dir='ltr'><strong>olii</strong></span> <span class='ocrx_word' id='word_1_20' title='bbox 821 451 950 538; x_wconf 87' lang='lat' dir='ltr'><strong>dieunt,</strong></span> <span class='ocrx_word' id='word_1_21' title='bbox 970 455 1002 522; x_wconf 91' lang='lat' dir='ltr'><strong>iu</strong></span> <span class='ocrx_word' id='word_1_22' title='bbox 1022 454 1170 546; x_wconf 84' lang='lat' dir='ltr'><strong>populos.</strong></span> <span class='ocrx_word' id='word_1_23' title='bbox 1219 492 1221 500; x_wconf 41' lang='grc' dir='ltr'>ι</span> 
     </span>
    </p>
   </div>
   <div class='ocr_carea' id='block_1_3' title="bbox 521 617 903 730">
    <p class='ocr_par' dir='ltr' id='par_1_3' title="bbox 521 617 903 730">
     <span class='ocr_line' id='line_1_4' title="bbox 521 617 903 730; baseline -0.005 -32"><span class='ocrx_word' id='word_1_24' title='bbox 521 619 593 698; x_wconf 82' lang='lat' dir='ltr'><strong>aa.</strong></span> <span class='ocrx_word' id='word_1_25' title='bbox 656 617 903 730; x_wconf 66' lang='lat' dir='ltr'><strong>narrant.</strong></span> 
     </span>
    </p>
   </div>
   <div class='ocr_carea' id='block_1_4' title="bbox 53 746 1350 2130">
    <p class='ocr_par' dir='ltr' id='par_1_4' title="bbox 53 746 1350 2130">
     <span class='ocr_line' id='line_1_5' title="bbox 229 746 1280 842; baseline -0.001 -21"><span class='ocrx_word' id='word_1_26' title='bbox 229 753 283 822; x_wconf 90' lang='lat' dir='ltr'><strong>De</strong></span> <span class='ocrx_word' id='word_1_27' title='bbox 304 751 482 842; x_wconf 73' lang='lat' dir='ltr'><strong>Gigantum</strong></span> <span class='ocrx_word' id='word_1_28' title='bbox 504 746 661 834; x_wconf 86' lang='lat' dir='ltr'><strong>sunguine</strong></span> <span class='ocrx_word' id='word_1_29' title='bbox 682 758 776 815; x_wconf 87' lang='lat' dir='ltr'><strong>natus</strong></span> <span class='ocrx_word' id='word_1_30' title='bbox 800 759 850 818; x_wconf 90' lang='lat' dir='ltr'><strong>est</strong></span> <span class='ocrx_word' id='word_1_31' title='bbox 868 749 1018 840; x_wconf 81' lang='lat' dir='ltr'><strong>Lycaon,</strong></span> <span class='ocrx_word' id='word_1_32' title='bbox 1103 773 1202 822; x_wconf 88' lang='lat' dir='ltr'><strong>annus</strong></span> <span class='ocrx_word' id='word_1_33' title='bbox 1223 754 1280 820; x_wconf 62' lang='lat' dir='ltr'><strong>,dr-</strong></span> 
     </span>
     <span class='ocr_line' id='line_1_6' title="bbox 104 763 1349 938; baseline -0.002 -30"><span class='ocrx_word' id='word_1_34' title='bbox 104 837 269 930; x_wconf 71' lang='lat' dir='ltr'><strong>o&#39;cadiae</strong></span> <span class='ocrx_word' id='word_1_35' title='bbox 310 839 391 930; x_wconf 82' lang='lat' dir='ltr'><strong>Ejus</strong></span> <span class='ocrx_word' id='word_1_36' title='bbox 413 837 509 904; x_wconf 83' lang='lat' dir='ltr'><strong>tiliam</strong></span> <span class='ocrx_word' id='word_1_37' title='bbox 532 833 686 902; x_wconf 80' lang='lat' dir='ltr'><strong>eatttston</strong></span> <span class='ocrx_word' id='word_1_38' title='bbox 707 857 805 938; x_wconf 83' lang='lat' dir='ltr'><strong>quum</strong></span> <span class='ocrx_word' id='word_1_39' title='bbox 825 836 858 901; x_wconf 94' lang='lat' dir='ltr'><strong>in</strong></span> <span class='ocrx_word' id='word_1_40' title='bbox 878 841 1030 906; x_wconf 89' lang='lat' dir='ltr'><strong>comitatu</strong></span> <span class='ocrx_word' id='word_1_41' title='bbox 1050 763 1182 908; x_wconf 51' lang='lat' dir='ltr'><strong>ffiauue</strong></span> <span class='ocrx_word' id='word_1_42' title='bbox 1202 839 1280 929; x_wconf 84' lang='lat' dir='ltr'><strong>Jup-</strong></span> <span class='ocrx_word' id='word_1_43' title='bbox 1346 789 1349 918; x_wconf 76' lang='lat' dir='ltr'><strong>i</strong></span> 
     </span>
     <span class='ocr_line' id='line_1_7' title="bbox 145 920 1349 1018; baseline 0 -26"><span class='ocrx_word' id='word_1_44' title='bbox 145 928 227 1018; x_wconf 90' lang='lat' dir='ltr'><strong>piter</strong></span> <span class='ocrx_word' id='word_1_45' title='bbox 248 926 393 1007; x_wconf 83' lang='lat' dir='ltr'><strong>vidisset,</strong></span> <span class='ocrx_word' id='word_1_46' title='bbox 413 923 447 989; x_wconf 93' lang='lat' dir='ltr'><strong>in</strong></span> <span class='ocrx_word' id='word_1_47' title='bbox 468 939 609 988; x_wconf 84' lang='lat' dir='ltr'><strong>amorem</strong></span> <span class='ocrx_word' id='word_1_48' title='bbox 630 920 699 1010; x_wconf 91' lang='lat' dir='ltr'><strong>ejus</strong></span> <span class='ocrx_word' id='word_1_49' title='bbox 720 920 847 1002; x_wconf 75' lang='lat' dir='ltr'><strong>incidit,</strong></span> <span class='ocrx_word' id='word_1_50' title='bbox 881 934 914 990; x_wconf 92' lang='lat' dir='ltr'><strong>et</strong></span> <span class='ocrx_word' id='word_1_51' title='bbox 935 945 954 990; x_wconf 89' lang='lat' dir='ltr'><strong>a</strong></span> <span class='ocrx_word' id='word_1_52' title='bbox 975 924 1102 1012; x_wconf 81' lang='lat' dir='ltr'><strong>reliquis</strong></span> <span class='ocrx_word' id='word_1_53' title='bbox 1124 945 1281 1014; x_wconf 86' lang='lat' dir='ltr'><strong>segrego-</strong></span> <span class='ocrx_word' id='word_1_54' title='bbox 1346 961 1349 1002; x_wconf 65' lang='grc' dir='ltr'>ι</span> 
     </span>
     <span class='ocr_line' id='line_1_8' title="bbox 144 1005 1350 1114; baseline 0 -36"><span class='ocrx_word' id='word_1_55' title='bbox 144 1026 209 1083; x_wconf 75' lang='lat' dir='ltr'><strong>tam</strong></span> <span class='ocrx_word' id='word_1_56' title='bbox 229 1011 403 1101; x_wconf 81' lang='lat' dir='ltr'><strong>Nymphis,</strong></span> <span class='ocrx_word' id='word_1_57' title='bbox 434 1007 467 1074; x_wconf 91' lang='lat' dir='ltr'><strong>iu</strong></span> <span class='ocrx_word' id='word_1_58' title='bbox 489 1005 807 1100; x_wconf 10' lang='lat' dir='ltr'><strong>Dianamwmututum</strong></span> <span class='ocrx_word' id='word_1_59' title='bbox 841 1011 1028 1096; x_wconf 75' lang='lat' dir='ltr'><strong>compressit</strong></span> <span class='ocrx_word' id='word_1_60' title='bbox 1055 1023 1089 1078; x_wconf 89' lang='lat' dir='ltr'><strong>et</strong></span> <span class='ocrx_word' id='word_1_61' title='bbox 1115 1009 1280 1114; x_wconf 81' lang='lat' dir='ltr'><strong>gravidam</strong></span> <span class='ocrx_word' id='word_1_62' title='bbox 1347 1047 1350 1088; x_wconf 62' lang='grc' dir='ltr'>ι</span> 
     </span>
     <span class='ocr_line' id='line_1_9' title="bbox 65 1090 1280 1188; baseline -0.001 -24"><span class='ocrx_word' id='word_1_63' title='bbox 65 1167 66 1172; x_wconf 59' lang='grc'>,</span> <span class='ocrx_word' id='word_1_64' title='bbox 144 1097 230 1164; x_wconf 81' lang='lat' dir='ltr'><strong>fecit</strong></span> <span class='ocrx_word' id='word_1_65' title='bbox 274 1097 375 1188; x_wconf 85' lang='lat' dir='ltr'><strong>Cujus</strong></span> <span class='ocrx_word' id='word_1_66' title='bbox 396 1113 494 1181; x_wconf 87' lang='lat' dir='ltr'><strong>quum</strong></span> <span class='ocrx_word' id='word_1_67' title='bbox 518 1090 638 1156; x_wconf 79' lang='lat' dir='ltr'>crimen</span> <span class='ocrx_word' id='word_1_68' title='bbox 658 1103 785 1158; x_wconf 88' lang='lat' dir='ltr'><strong>tumens</strong></span> <span class='ocrx_word' id='word_1_69' title='bbox 805 1103 916 1160; x_wconf 87' lang='lat' dir='ltr'><strong>uterus</strong></span> <span class='ocrx_word' id='word_1_70' title='bbox 932 1095 1094 1182; x_wconf 78' lang='lat' dir='ltr'><strong>proderet,</strong></span> <span class='ocrx_word' id='word_1_71' title='bbox 1114 1097 1280 1186; x_wconf 79' lang='lat' dir='ltr'><strong>indignato</strong></span> 
     </span>
     <span class='ocr_line' id='line_1_10' title="bbox 144 1175 1280 1267; baseline 0 -17"><span class='ocrx_word' id='word_1_72' title='bbox 144 1183 250 1250; x_wconf 87' lang='lat' dir='ltr'><strong>Diana</strong></span> <span class='ocrx_word' id='word_1_73' title='bbox 271 1182 423 1250; x_wconf 86' lang='lat' dir='ltr'><strong>comitatu</strong></span> <span class='ocrx_word' id='word_1_74' title='bbox 443 1199 503 1246; x_wconf 92' lang='lat' dir='ltr'><strong>suo</strong></span> <span class='ocrx_word' id='word_1_75' title='bbox 524 1199 595 1267; x_wconf 82' lang='lat' dir='ltr'><strong>eam</strong></span> <span class='ocrx_word' id='word_1_76' title='bbox 616 1175 761 1266; x_wconf 86' lang='lat' dir='ltr'><strong>reppulit.</strong></span> <span class='ocrx_word' id='word_1_77' title='bbox 803 1177 859 1246; x_wconf 85' lang='lat' dir='ltr'><strong>liin</strong></span> <span class='ocrx_word' id='word_1_78' title='bbox 877 1192 1001 1260; x_wconf 85' lang='lat' dir='ltr'><strong>autem,</strong></span> <span class='ocrx_word' id='word_1_79' title='bbox 1024 1181 1143 1250; x_wconf 76' lang='lat' dir='ltr'><strong>exactis</strong></span> <span class='ocrx_word' id='word_1_80' title='bbox 1165 1183 1280 1250; x_wconf 87' lang='lat' dir='ltr'><strong>decem</strong></span> 
     </span>
     <span class='ocr_line' id='line_1_11' title="bbox 104 1261 1282 1354; baseline 0.003 -18"><span class='ocrx_word' id='word_1_81' title='bbox 104 1271 325 1350; x_wconf 74' lang='lat' dir='ltr'><strong>remensibus,</strong></span> <span class='ocrx_word' id='word_1_82' title='bbox 355 1264 447 1333; x_wconf 85' lang='lat' dir='ltr'><strong>enixa</strong></span> <span class='ocrx_word' id='word_1_83' title='bbox 468 1273 518 1330; x_wconf 89' lang='lat' dir='ltr'><strong>est</strong></span> <span class='ocrx_word' id='word_1_84' title='bbox 536 1261 718 1350; x_wconf 72' lang='lat' dir='ltr'><strong>paruulum,</strong></span> <span class='ocrx_word' id='word_1_85' title='bbox 747 1263 802 1354; x_wconf 84' lang='lat' dir='ltr'><strong>qui</strong></span> <span class='ocrx_word' id='word_1_86' title='bbox 822 1266 936 1332; x_wconf 84' lang='lat' dir='ltr'><strong>Arctos</strong></span> <span class='ocrx_word' id='word_1_87' title='bbox 958 1268 1201 1354; x_wconf 86' lang='lat' dir='ltr'><strong>cognominatus</strong></span> <span class='ocrx_word' id='word_1_88' title='bbox 1226 1279 1282 1340; x_wconf 75' lang='lat' dir='ltr'><strong>est.</strong></span> 
     </span>
     <span class='ocr_line' id='line_1_12' title="bbox 145 1345 1280 1443; baseline -0.004 -19"><span class='ocrx_word' id='word_1_89' title='bbox 145 1355 316 1443; x_wconf 83' lang='lat' dir='ltr'><strong>Indignata</strong></span> <span class='ocrx_word' id='word_1_90' title='bbox 336 1352 438 1431; x_wconf 86' lang='lat' dir='ltr'><strong>June,</strong></span> <span class='ocrx_word' id='word_1_91' title='bbox 470 1347 557 1436; x_wconf 90' lang='lat' dir='ltr'><strong>quod</strong></span> <span class='ocrx_word' id='word_1_92' title='bbox 578 1347 679 1436; x_wconf 73' lang='lat' dir='ltr'><strong>pelion</strong></span> <span class='ocrx_word' id='word_1_93' title='bbox 700 1371 759 1420; x_wconf 85' lang='lat' dir='ltr'><strong>sun</strong></span> <span class='ocrx_word' id='word_1_94' title='bbox 781 1369 821 1414; x_wconf 85' lang='lat' dir='ltr'><strong>ex</strong></span> <span class='ocrx_word' id='word_1_95' title='bbox 841 1345 923 1418; x_wconf 86' lang='lat' dir='ltr'><strong>Jove</strong></span> <span class='ocrx_word' id='word_1_96' title='bbox 936 1347 1040 1420; x_wconf 79' lang='lat' dir='ltr'><strong>&#39;etiam</strong></span> <span class='ocrx_word' id='word_1_97' title='bbox 1061 1369 1163 1420; x_wconf 90' lang='lat' dir='ltr'><strong>muter</strong></span> <span class='ocrx_word' id='word_1_98' title='bbox 1184 1365 1280 1436; x_wconf 74' lang='lat' dir='ltr'><strong>esset,</strong></span> 
     </span>
     <span class='ocr_line' id='line_1_13' title="bbox 145 1433 1281 1526; baseline 0 -18"><span class='ocrx_word' id='word_1_99' title='bbox 145 1441 299 1509; x_wconf 81' lang='lat' dir='ltr'><strong>Callistum</strong></span> <span class='ocrx_word' id='word_1_100' title='bbox 319 1437 412 1506; x_wconf 85' lang='lat' dir='ltr'><strong>vertit</strong></span> <span class='ocrx_word' id='word_1_101' title='bbox 432 1436 465 1501; x_wconf 89' lang='lat' dir='ltr'><strong>in</strong></span> <span class='ocrx_word' id='word_1_102' title='bbox 486 1456 601 1500; x_wconf 88' lang='lat' dir='ltr'><strong>ursam.</strong></span> <span class='ocrx_word' id='word_1_103' title='bbox 655 1433 756 1523; x_wconf 86' lang='lat' dir='ltr'><strong>Cujus</strong></span> <span class='ocrx_word' id='word_1_104' title='bbox 777 1433 859 1502; x_wconf 83' lang='lat' dir='ltr'><strong>filius</strong></span> <span class='ocrx_word' id='word_1_105' title='bbox 881 1438 997 1506; x_wconf 83' lang='lat' dir='ltr'><strong>Arctos</strong></span> <span class='ocrx_word' id='word_1_106' title='bbox 1019 1459 1117 1526; x_wconf 87' lang='lat' dir='ltr'><strong>quum</strong></span> <span class='ocrx_word' id='word_1_107' title='bbox 1139 1450 1229 1506; x_wconf 84' lang='lat' dir='ltr'><strong>esset</strong></span> <span class='ocrx_word' id='word_1_108' title='bbox 1247 1442 1281 1508; x_wconf 91' lang='lat' dir='ltr'><strong>iu</strong></span> 
     </span>
     <span class='ocr_line' id='line_1_14' title="bbox 145 1515 1281 1610; baseline -0.002 -18"><span class='ocrx_word' id='word_1_109' title='bbox 145 1526 285 1596; x_wconf 86' lang='lat' dir='ltr'><strong>adultum</strong></span> <span class='ocrx_word' id='word_1_110' title='bbox 313 1525 449 1596; x_wconf 86' lang='lat' dir='ltr'><strong>oetatem</strong></span> <span class='ocrx_word' id='word_1_111' title='bbox 483 1518 674 1610; x_wconf 83' lang='lat' dir='ltr'><strong>productus,</strong></span> <span class='ocrx_word' id='word_1_112' title='bbox 710 1515 895 1608; x_wconf 81' lang='lat' dir='ltr'><strong>imprudens</strong></span> <span class='ocrx_word' id='word_1_113' title='bbox 929 1522 961 1588; x_wconf 92' lang='lat' dir='ltr'><strong>in</strong></span> <span class='ocrx_word' id='word_1_114' title='bbox 983 1536 1133 1591; x_wconf 84' lang='lat' dir='ltr'><strong>matrem</strong></span> <span class='ocrx_word' id='word_1_115' title='bbox 1160 1525 1281 1607; x_wconf 78' lang='lat' dir='ltr'><strong>incidit,</strong></span> 
     </span>
     <span class='ocr_line' id='line_1_15' title="bbox 53 1604 1281 1694; baseline 0 -16"><span class='ocrx_word' id='word_1_116' title='bbox 53 1645 56 1650; x_wconf 95' lang='lat'>·</span> <span class='ocrx_word' id='word_1_117' title='bbox 99 1641 106 1646; x_wconf 92' lang='lat'><strong>·</strong></span> <span class='ocrx_word' id='word_1_118' title='bbox 142 1635 249 1680; x_wconf 90' lang='lat' dir='ltr'><strong>ursam</strong></span> <span class='ocrx_word' id='word_1_119' title='bbox 271 1610 423 1688; x_wconf 87' lang='lat' dir='ltr'><strong>credens,</strong></span> <span class='ocrx_word' id='word_1_120' title='bbox 461 1629 502 1672; x_wconf 88' lang='lat' dir='ltr'><strong>oc</strong></span> <span class='ocrx_word' id='word_1_121' title='bbox 536 1605 633 1672; x_wconf 91' lang='lat' dir='ltr'><strong>misso</strong></span> <span class='ocrx_word' id='word_1_122' title='bbox 660 1604 725 1672; x_wconf 88' lang='lat' dir='ltr'><strong>teio</strong></span> <span class='ocrx_word' id='word_1_123' title='bbox 759 1629 830 1672; x_wconf 89' lang='lat' dir='ltr'><strong>eam</strong></span> <span class='ocrx_word' id='word_1_124' title='bbox 862 1607 1020 1694; x_wconf 86' lang='lat' dir='ltr'><strong>perimere</strong></span> <span class='ocrx_word' id='word_1_125' title='bbox 1048 1610 1153 1678; x_wconf 85' lang='lat' dir='ltr'><strong>voluit</strong></span> <span class='ocrx_word' id='word_1_126' title='bbox 1204 1611 1281 1679; x_wconf 87' lang='lat' dir='ltr'><strong>Nou</strong></span> 
     </span>
     <span class='ocr_line' id='line_1_16' title="bbox 103 1691 1283 1842; baseline -0.003 -76"><span class='ocrx_word' id='word_1_127' title='bbox 103 1722 140 1774; x_wconf 81' lang='lat' dir='ltr'><strong>lo</strong></span> <span class='ocrx_word' id='word_1_128' title='bbox 150 1698 274 1776; x_wconf 79' lang='lat' dir='ltr'><strong>sustulit</strong></span> <span class='ocrx_word' id='word_1_129' title='bbox 304 1695 467 1786; x_wconf 89' lang='lat' dir='ltr'><strong>Juppiter‚</strong></span> <span class='ocrx_word' id='word_1_130' title='bbox 501 1691 702 1842; x_wconf 68' lang='lat' dir='ltr'><strong>ignorantem</strong></span> <span class='ocrx_word' id='word_1_131' title='bbox 737 1691 946 1760; x_wconf 91' lang='lat' dir='ltr'><strong>matricidium</strong></span> <span class='ocrx_word' id='word_1_132' title='bbox 976 1705 1180 1784; x_wconf 84' lang='lat' dir='ltr'><strong>perpetrare,</strong></span> <span class='ocrx_word' id='word_1_133' title='bbox 1216 1695 1283 1778; x_wconf 47' lang='lat' dir='ltr'><strong>&#39;staff</strong></span> 
     </span>
     <span class='ocr_line' id='line_1_17' title="bbox 145 1775 1280 1872; baseline -0.002 -21"><span class='ocrx_word' id='word_1_134' title='bbox 145 1784 264 1872; x_wconf 84' lang='lat' dir='ltr'><strong>timque</strong></span> <span class='ocrx_word' id='word_1_135' title='bbox 285 1806 341 1850; x_wconf 85' lang='lat' dir='ltr'><strong>ecs</strong></span> <span class='ocrx_word' id='word_1_136' title='bbox 362 1782 445 1847; x_wconf 89' lang='lat' dir='ltr'><strong>inter</strong></span> <span class='ocrx_word' id='word_1_137' title='bbox 477 1776 503 1844; x_wconf 87' lang='lat' dir='ltr'><strong>si</strong></span> <span class='ocrx_word' id='word_1_138' title='bbox 528 1798 584 1844; x_wconf 89' lang='lat' dir='ltr'><strong>era</strong></span> <span class='ocrx_word' id='word_1_139' title='bbox 614 1775 789 1845; x_wconf 76' lang='lat' dir='ltr'><strong>collocavit</strong></span> <span class='ocrx_word' id='word_1_140' title='bbox 841 1775 899 1844; x_wconf 84' lang='lat' dir='ltr'><strong>Ille</strong></span> <span class='ocrx_word' id='word_1_141' title='bbox 925 1779 1104 1845; x_wconf 83' lang='lat' dir='ltr'><strong>Arcturus</strong></span> <span class='ocrx_word' id='word_1_142' title='bbox 1112 1827 1123 1859; x_wconf 89' lang='lat'><em>,</em></span> <span class='ocrx_word' id='word_1_143' title='bbox 1156 1791 1190 1848; x_wconf 87' lang='lat' dir='ltr'><strong>et</strong></span> <span class='ocrx_word' id='word_1_144' title='bbox 1219 1784 1280 1849; x_wconf 86' lang='lat' dir='ltr'><strong>aiio</strong></span> 
     </span>
     <span class='ocr_line' id='line_1_18' title="bbox 133 1861 1281 2014; baseline 0.036 -120"><span class='ocrx_word' id='word_1_145' title='bbox 133 1869 272 1941; x_wconf 67' lang='lat' dir='ltr'><strong>,nomine</strong></span> <span class='ocrx_word' id='word_1_146' title='bbox 310 1861 553 1964; x_wconf 71' lang='lat' dir='ltr'><strong>Arctophylax</strong></span> <span class='ocrx_word' id='word_1_147' title='bbox 587 1875 736 1944; x_wconf 63' lang='lat' dir='ltr'><strong>vocatum</strong></span> <span class='ocrx_word' id='word_1_148' title='bbox 770 1862 822 1932; x_wconf 88' lang='lat' dir='ltr'><strong>iila</strong></span> <span class='ocrx_word' id='word_1_149' title='bbox 848 1866 964 1932; x_wconf 83' lang='lat' dir='ltr'><strong>Arctos</strong></span> <span class='ocrx_word' id='word_1_150' title='bbox 990 1865 1127 2014; x_wconf 62' lang='lat' dir='ltr'><strong>pnicum,</strong></span> <span class='ocrx_word' id='word_1_151' title='bbox 1161 1865 1281 1936; x_wconf 82' lang='lat' dir='ltr'><strong>Latine</strong></span> 
     </span>
     <span class='ocr_line' id='line_1_19' title="bbox 54 1945 1280 2042; baseline 0.003 -24"><span class='ocrx_word' id='word_1_152' title='bbox 54 1977 62 1990; x_wconf 81' lang='lat'><strong><em>¹</em></strong></span> <span class='ocrx_word' id='word_1_153' title='bbox 144 1953 333 2042; x_wconf 79' lang='lat' dir='ltr'><strong>septentrio</strong></span> <span class='ocrx_word' id='word_1_154' title='bbox 357 1967 472 2037; x_wconf 65' lang='lat' dir='ltr'><strong>major</strong></span> <span class='ocrx_word' id='word_1_155' title='bbox 492 1945 685 2037; x_wconf 58' lang='lat' dir='ltr'><strong>appellatum</strong></span> <span class='ocrx_word' id='word_1_156' title='bbox 715 1947 816 2036; x_wconf 88' lang='lat' dir='ltr'><strong>quod</strong></span> <span class='ocrx_word' id='word_1_157' title='bbox 837 1949 965 2038; x_wconf 87' lang='lat' dir='ltr'><strong>signum</strong></span> <span class='ocrx_word' id='word_1_158' title='bbox 1004 1973 1064 2016; x_wconf 90' lang='lat' dir='ltr'><strong>ooo</strong></span> <span class='ocrx_word' id='word_1_159' title='bbox 1087 1973 1151 2019; x_wconf 92' lang='lat' dir='ltr'><strong>nou</strong></span> <span class='ocrx_word' id='word_1_160' title='bbox 1173 1976 1280 2024; x_wconf 86' lang='lat' dir='ltr'><strong>move-</strong></span> 
     </span>
     <span class='ocr_line' id='line_1_20' title="bbox 143 2033 1128 2130; baseline -0.007 -22"><span class='ocrx_word' id='word_1_161' title='bbox 143 2051 213 2122; x_wconf 85' lang='lat' dir='ltr'><strong>tur,</strong></span> <span class='ocrx_word' id='word_1_162' title='bbox 235 2061 296 2106; x_wconf 92' lang='lat' dir='ltr'><strong>uec</strong></span> <span class='ocrx_word' id='word_1_163' title='bbox 316 2037 396 2119; x_wconf 88' lang='lat' dir='ltr'><strong>huc,</strong></span> <span class='ocrx_word' id='word_1_164' title='bbox 416 2053 512 2123; x_wconf 85' lang='lat' dir='ltr'><strong>quom</strong></span> <span class='ocrx_word' id='word_1_165' title='bbox 534 2033 679 2101; x_wconf 88' lang='lat' dir='ltr'><strong>dicturus</strong></span> <span class='ocrx_word' id='word_1_166' title='bbox 700 2055 794 2116; x_wconf 76' lang='lat' dir='ltr'><strong>sum„</strong></span> <span class='ocrx_word' id='word_1_167' title='bbox 810 2057 908 2103; x_wconf 87' lang='lat' dir='ltr'><strong>eausa</strong></span> <span class='ocrx_word' id='word_1_168' title='bbox 928 2035 1094 2124; x_wconf 84' lang='lat' dir='ltr'><strong>mergitur.</strong></span> <span class='ocrx_word' id='word_1_169' title='bbox 1123 2088 1128 2130; x_wconf 25' lang='grc' dir='ltr'><strong>Ι.</strong></span> 
     </span>
    </p>
   </div>
   <div class='ocr_carea' id='block_1_5' title="bbox 99 2201 881 2298">
    <p class='ocr_par' dir='ltr' id='par_1_5' title="bbox 99 2201 881 2298">
     <span class='ocr_line' id='line_1_21' title="bbox 99 2201 881 2298; baseline 0 -19"><span class='ocrx_word' id='word_1_170' title='bbox 99 2248 175 2298; x_wconf 75' lang='lat'><strong>20¹</strong></span> <span class='ocrx_word' id='word_1_171' title='bbox 531 2201 601 2279; x_wconf 74' lang='lat'><strong>59.</strong></span> <span class='ocrx_word' id='word_1_172' title='bbox 670 2203 881 2280; x_wconf 82' lang='lat' dir='ltr'><strong>Thetis.</strong></span> 
     </span>
    </p>
   </div>
   <div class='ocr_carea' id='block_1_6' title="bbox 141 2299 1353 2664">
    <p class='ocr_par' dir='ltr' id='par_1_6' title="bbox 141 2299 1353 2664">
     <span class='ocr_line' id='line_1_22' title="bbox 226 2299 1353 2418; baseline 0.002 -12"><span class='ocrx_word' id='word_1_173' title='bbox 226 2299 340 2406; x_wconf 78' lang='lat' dir='ltr'><strong>&#39;Photis</strong></span> <span class='ocrx_word' id='word_1_174' title='bbox 355 2335 463 2418; x_wconf 88' lang='lat' dir='ltr'><strong>enim,</strong></span> <span class='ocrx_word' id='word_1_175' title='bbox 496 2334 560 2402; x_wconf 90' lang='lat' dir='ltr'><strong>filia</strong></span> <span class='ocrx_word' id='word_1_176' title='bbox 584 2333 703 2418; x_wconf 84' lang='lat' dir='ltr'><strong>Nerei,</strong></span> <span class='ocrx_word' id='word_1_177' title='bbox 737 2355 819 2399; x_wconf 87' lang='lat' dir='ltr'><strong>uxor</strong></span> <span class='ocrx_word' id='word_1_178' title='bbox 842 2331 983 2409; x_wconf 88' lang='lat' dir='ltr'><strong>Oceani,</strong></span> <span class='ocrx_word' id='word_1_179' title='bbox 1010 2335 1120 2404; x_wconf 80' lang='lat' dir='ltr'><strong>‚nutrix</strong></span> <span class='ocrx_word' id='word_1_180' title='bbox 1144 2335 1282 2407; x_wconf 86' lang='lat' dir='ltr'><strong>Juuonis</strong></span> <span class='ocrx_word' id='word_1_181' title='bbox 1352 2405 1353 2408; x_wconf 74' lang='grc'>,</span> 
     </span>
     <span class='ocr_line' id='line_1_23' title="bbox 143 2419 1352 2508; baseline 0.003 -19"><span class='ocrx_word' id='word_1_182' title='bbox 143 2423 210 2491; x_wconf 85' lang='lat' dir='ltr'><strong>suit.</strong></span> <span class='ocrx_word' id='word_1_183' title='bbox 254 2421 359 2498; x_wconf 85' lang='lat' dir='ltr'><strong>Quam</strong></span> <span class='ocrx_word' id='word_1_184' title='bbox 381 2423 468 2488; x_wconf 89' lang='lat' dir='ltr'><strong>Juuo</strong></span> <span class='ocrx_word' id='word_1_185' title='bbox 484 2419 679 2508; x_wconf 57' lang='lat' dir='ltr'><strong>indignata,</strong></span> <span class='ocrx_word' id='word_1_186' title='bbox 722 2419 842 2486; x_wconf 79' lang='lat' dir='ltr'><strong>cilicem</strong></span> <span class='ocrx_word' id='word_1_187' title='bbox 864 2420 1007 2488; x_wconf 85' lang='lat' dir='ltr'><strong>suumin</strong></span> <span class='ocrx_word' id='word_1_188' title='bbox 1031 2423 1153 2488; x_wconf 86' lang='lat' dir='ltr'><strong>caelum</strong></span> <span class='ocrx_word' id='word_1_189' title='bbox 1175 2425 1283 2492; x_wconf 65' lang='lat' dir='ltr'><strong>maus</strong></span> <span class='ocrx_word' id='word_1_190' title='bbox 1351 2435 1352 2476; x_wconf 46' lang='grc' dir='ltr'>ι</span> 
     </span>
     <span class='ocr_line' id='line_1_24' title="bbox 142 2445 1284 2598; baseline 0.004 -24"><span class='ocrx_word' id='word_1_191' title='bbox 142 2508 252 2590; x_wconf 85' lang='lat' dir='ltr'><strong>latam,</strong></span> <span class='ocrx_word' id='word_1_192' title='bbox 288 2509 431 2596; x_wconf 75' lang='lat' dir='ltr'><strong>rogavit,</strong></span> <span class='ocrx_word' id='word_1_193' title='bbox 468 2518 505 2575; x_wconf 91' lang='lat' dir='ltr'><strong>ut</strong></span> <span class='ocrx_word' id='word_1_194' title='bbox 523 2518 656 2598; x_wconf 86' lang='lat' dir='ltr'><strong>propter</strong></span> <span class='ocrx_word' id='word_1_195' title='bbox 676 2445 829 2575; x_wconf 72' lang='lat' dir='ltr'><strong>edentum</strong></span> <span class='ocrx_word' id='word_1_196' title='bbox 847 2506 981 2574; x_wconf 87' lang='lat' dir='ltr'><strong>nutricis</strong></span> <span class='ocrx_word' id='word_1_197' title='bbox 1002 2528 1074 2576; x_wconf 87' lang='lat' dir='ltr'><strong>eom</strong></span> <span class='ocrx_word' id='word_1_198' title='bbox 1095 2507 1284 2597; x_wconf 86' lang='lat' dir='ltr'><strong>prohiberet</strong></span> 
     </span>
     <span class='ocr_line' id='line_1_25' title="bbox 141 2591 501 2664; baseline -0.006 -2"><span class='ocrx_word' id='word_1_199' title='bbox 141 2596 174 2662; x_wconf 90' lang='lat' dir='ltr'><strong>io</strong></span> <span class='ocrx_word' id='word_1_200' title='bbox 197 2617 351 2664; x_wconf 88' lang='lat' dir='ltr'><strong>oceanum</strong></span> <span class='ocrx_word' id='word_1_201' title='bbox 374 2591 501 2662; x_wconf 88' lang='lat' dir='ltr'><strong>cudere.</strong></span> 
     </span>
    </p>
   </div>
   <div class='ocr_carea' id='block_1_7' title="bbox 100 2759 884 2865">
    <p class='ocr_par' dir='ltr' id='par_1_7' title="bbox 100 2759 884 2865">
     <span class='ocr_line' id='line_1_26' title="bbox 100 2759 884 2865; baseline -0.005 -25"><span class='ocrx_word' id='word_1_202' title='bbox 100 2789 137 2840; x_wconf 79' lang='lat' dir='ltr'><strong>ne</strong></span> <span class='ocrx_word' id='word_1_203' title='bbox 527 2759 597 2865; x_wconf 71' lang='lat'><strong>60,</strong></span> <span class='ocrx_word' id='word_1_204' title='bbox 649 2761 884 2865; x_wconf 73' lang='lat' dir='ltr'><strong>Lycaon.</strong></span> 
     </span>
    </p>
   </div>
   <div class='ocr_carea' id='block_1_8' title="bbox 101 2889 1355 3500">
    <p class='ocr_par' dir='ltr' id='par_1_8' title="bbox 141 2889 1355 3241">
     <span class='ocr_line' id='line_1_27' title="bbox 227 2889 1283 2980; baseline 0.004 -20"><span class='ocrx_word' id='word_1_205' title='bbox 227 2893 363 2979; x_wconf 83' lang='lat' dir='ltr'><strong>Lycaon</strong></span> <span class='ocrx_word' id='word_1_206' title='bbox 386 2911 484 2980; x_wconf 90' lang='lat' dir='ltr'><strong>quum</strong></span> <span class='ocrx_word' id='word_1_207' title='bbox 504 2899 672 2980; x_wconf 84' lang='lat' dir='ltr'><strong>susceptos</strong></span> <span class='ocrx_word' id='word_1_208' title='bbox 699 2891 837 2980; x_wconf 82' lang='lat' dir='ltr'><strong>hospitio</strong></span> <span class='ocrx_word' id='word_1_209' title='bbox 858 2889 1002 2958; x_wconf 88' lang='lat' dir='ltr'><strong>homines</strong></span> <span class='ocrx_word' id='word_1_210' title='bbox 1022 2890 1205 2960; x_wconf 81' lang='lat' dir='ltr'><strong>interimere</strong></span> <span class='ocrx_word' id='word_1_211' title='bbox 1228 2919 1283 2964; x_wconf 90' lang='lat' dir='ltr'><strong>so·</strong></span> 
     </span>
     <span class='ocr_line' id='line_1_28' title="bbox 141 2976 1288 3069; baseline 0.003 -23"><span class='ocrx_word' id='word_1_212' title='bbox 141 2980 213 3048; x_wconf 86' lang='lat' dir='ltr'><strong>litos</strong></span> <span class='ocrx_word' id='word_1_213' title='bbox 235 2992 339 3060; x_wconf 78' lang='lat' dir='ltr'><strong>esset,</strong></span> <span class='ocrx_word' id='word_1_214' title='bbox 367 2990 530 3069; x_wconf 78' lang='lat' dir='ltr'><strong>stupratae</strong></span> <span class='ocrx_word' id='word_1_215' title='bbox 557 2978 687 3067; x_wconf 88' lang='lat' dir='ltr'><strong>iusuper</strong></span> <span class='ocrx_word' id='word_1_216' title='bbox 715 2977 799 3064; x_wconf 75' lang='lat' dir='ltr'><strong>ptine</strong></span> <span class='ocrx_word' id='word_1_217' title='bbox 830 2976 942 3043; x_wconf 76' lang='lat' dir='ltr'><strong>dolore</strong></span> <span class='ocrx_word' id='word_1_218' title='bbox 968 2989 1164 3060; x_wconf 85' lang='lat' dir='ltr'><strong>commotus,</strong></span> <span class='ocrx_word' id='word_1_219' title='bbox 1196 2981 1288 3050; x_wconf 85' lang='lat' dir='ltr'><strong>Jove</strong></span> 
     </span>
     <span class='ocr_line' id='line_1_29' title="bbox 141 3039 1355 3216; baseline 0.002 -82"><span class='ocrx_word' id='word_1_220' title='bbox 141 3066 279 3154; x_wconf 87' lang='lat' dir='ltr'><strong>hospitio</strong></span> <span class='ocrx_word' id='word_1_221' title='bbox 300 3069 468 3155; x_wconf 66' lang='lat' dir='ltr'><strong>susceptoi</strong></span> <span class='ocrx_word' id='word_1_222' title='bbox 497 3086 594 3216; x_wconf 79' lang='lat' dir='ltr'><strong>ppum</strong></span> <span class='ocrx_word' id='word_1_223' title='bbox 622 3062 714 3131; x_wconf 83' lang='lat' dir='ltr'><strong>veliet</strong></span> <span class='ocrx_word' id='word_1_224' title='bbox 733 3062 913 3151; x_wconf 81' lang='lat' dir='ltr'><strong>explorare,</strong></span> <span class='ocrx_word' id='word_1_225' title='bbox 929 3135 930 3142; x_wconf 7' lang='grc' dir='ltr'>χ</span> <span class='ocrx_word' id='word_1_226' title='bbox 944 3085 984 3129; x_wconf 88' lang='lat' dir='ltr'><strong>an</strong></span> <span class='ocrx_word' id='word_1_227' title='bbox 1014 3086 1107 3130; x_wconf 79' lang='lat' dir='ltr'><strong>verus</strong></span> <span class='ocrx_word' id='word_1_228' title='bbox 1128 3063 1283 3169; x_wconf 81' lang='lat' dir='ltr'><strong>Juppiter</strong></span> <span class='ocrx_word' id='word_1_229' title='bbox 1352 3039 1355 3164; x_wconf 69' lang='lat' dir='ltr'><strong>i</strong></span> 
     </span>
     <span class='ocr_line' id='line_1_30' title="bbox 143 3147 1289 3241; baseline 0.006 -25"><span class='ocrx_word' id='word_1_230' title='bbox 143 3166 239 3230; x_wconf 79' lang='lat' dir='ltr'><strong>esset,</strong></span> <span class='ocrx_word' id='word_1_231' title='bbox 263 3162 297 3220; x_wconf 91' lang='lat' dir='ltr'><strong>ut</strong></span> <span class='ocrx_word' id='word_1_232' title='bbox 317 3167 481 3241; x_wconf 84' lang='lat' dir='ltr'><strong>expertum</strong></span> <span class='ocrx_word' id='word_1_233' title='bbox 526 3151 679 3228; x_wconf 66' lang='lat' dir='ltr'><strong>ominem·</strong></span> <span class='ocrx_word' id='word_1_234' title='bbox 695 3147 814 3237; x_wconf 85' lang='lat' dir='ltr'><strong>polluto</strong></span> <span class='ocrx_word' id='word_1_235' title='bbox 836 3147 1053 3234; x_wconf 79' lang='lat' dir='ltr'><strong>hospitalitatis</strong></span> <span class='ocrx_word' id='word_1_236' title='bbox 1070 3149 1162 3238; x_wconf 83' lang='lat' dir='ltr'><strong>juro,</strong></span> <span class='ocrx_word' id='word_1_237' title='bbox 1183 3156 1289 3222; x_wconf 85' lang='lat' dir='ltr'><strong>eutius·</strong></span> 
     </span>
    </p>

    <p class='ocr_par' dir='ltr' id='par_1_9' title="bbox 101 3233 1355 3500">
     <span class='ocr_line' id='line_1_31' title="bbox 101 3233 1355 3322; baseline 0.006 -19"><span class='ocrx_word' id='word_1_238' title='bbox 101 3238 354 3318; x_wconf 74' lang='lat' dir='ltr'><strong>aoi&#39;nterimeret‚</strong></span> <span class='ocrx_word' id='word_1_239' title='bbox 375 3237 543 3305; x_wconf 80' lang='lat' dir='ltr'><strong>humanum</strong></span> <span class='ocrx_word' id='word_1_240' title='bbox 567 3237 596 3304; x_wconf 89' lang='lat' dir='ltr'><strong>ei</strong></span> <span class='ocrx_word' id='word_1_241' title='bbox 618 3257 747 3302; x_wconf 89' lang='lat' dir='ltr'><strong>carnem</strong></span> <span class='ocrx_word' id='word_1_242' title='bbox 768 3235 957 3320; x_wconf 71' lang='lat' dir='ltr'><strong>vescendam</strong></span> <span class='ocrx_word' id='word_1_243' title='bbox 980 3236 1136 3322; x_wconf 84' lang='lat' dir='ltr'><strong>opposuit</strong></span> <span class='ocrx_word' id='word_1_244' title='bbox 1168 3238 1285 3308; x_wconf 83' lang='lat' dir='ltr'><strong>¹Unde</strong></span> <span class='ocrx_word' id='word_1_245' title='bbox 1354 3233 1355 3310; x_wconf 59' lang='lat' dir='ltr'>J</span> 
     </span>
     <span class='ocr_line' id='line_1_32' title="bbox 144 3313 1355 3414; baseline 0.005 -24"><span class='ocrx_word' id='word_1_246' title='bbox 144 3337 325 3390; x_wconf 88' lang='lat' dir='ltr'><strong>commotus</strong></span> <span class='ocrx_word' id='word_1_247' title='bbox 345 3323 509 3414; x_wconf 86' lang='lat' dir='ltr'><strong>Juppiter,</strong></span> <span class='ocrx_word' id='word_1_248' title='bbox 531 3322 661 3388; x_wconf 86' lang='lat' dir='ltr'><strong>domum</strong></span> <span class='ocrx_word' id='word_1_249' title='bbox 684 3319 752 3409; x_wconf 87' lang='lat' dir='ltr'><strong>ejus</strong></span> <span class='ocrx_word' id='word_1_250' title='bbox 777 3318 935 3398; x_wconf 82' lang='lat' dir='ltr'><strong>incendit,</strong></span> <span class='ocrx_word' id='word_1_251' title='bbox 955 3318 1123 3411; x_wconf 87' lang='lat' dir='ltr'><strong>ipsumque</strong></span> <span class='ocrx_word' id='word_1_252' title='bbox 1148 3336 1284 3396; x_wconf 81' lang='lat' dir='ltr'><strong>mutam</strong></span> <span class='ocrx_word' id='word_1_253' title='bbox 1353 3313 1355 3362; x_wconf 61' lang='lat'><strong><em>⁴</em></strong></span> 
     </span>
     <span class='ocr_line' id='line_1_33' title="bbox 139 3403 1029 3500; baseline -0.001 -25"><span class='ocrx_word' id='word_1_254' title='bbox 139 3409 322 3500; x_wconf 77' lang='lat' dir='ltr'><strong>iniupum,</strong></span> <span class='ocrx_word' id='word_1_255' title='bbox 345 3408 471 3494; x_wconf 88' lang='lat' dir='ltr'><strong>docuit,</strong></span> <span class='ocrx_word' id='word_1_256' title='bbox 493 3408 655 3497; x_wconf 90' lang='lat' dir='ltr'><strong>hospitum</strong></span> <span class='ocrx_word' id='word_1_257' title='bbox 674 3404 747 3495; x_wconf 79' lang='lat' dir='ltr'><strong>jura</strong></span> <span class='ocrx_word' id='word_1_258' title='bbox 766 3425 831 3490; x_wconf 90' lang='lat' dir='ltr'><strong>nou</strong></span> <span class='ocrx_word' id='word_1_259' title='bbox 849 3403 1029 3496; x_wconf 87' lang='lat' dir='ltr'><strong>polluenda.</strong></span> 
     </span>
    </p>
   </div>
   <div class='ocr_carea' id='block_1_9' title="bbox 529 3541 984 3653">
    <p class='ocr_par' dir='ltr' id='par_1_10' title="bbox 529 3541 984 3653">
     <span class='ocr_line' id='line_1_34' title="bbox 529 3541 984 3653; baseline -0.002 0"><span class='ocrx_word' id='word_1_260' title='bbox 529 3575 596 3653; x_wconf 81' lang='grc'><strong>61.</strong></span> <span class='ocrx_word' id='word_1_261' title='bbox 649 3576 861 3652; x_wconf 84' lang='lat' dir='ltr'><strong>Icarus.</strong></span> <span class='ocrx_word' id='word_1_262' title='bbox 922 3541 924 3554; x_wconf 37' lang='grc' dir='ltr'>Ι</span> <span class='ocrx_word' id='word_1_263' title='bbox 982 3595 984 3600; x_wconf 85' lang='grc'><strong>“</strong></span> 
     </span>
    </p>
   </div>
   <div class='ocr_carea' id='block_1_10' title="bbox 10 3691 1294 4312">
    <p class='ocr_par' dir='ltr' id='par_1_11' title="bbox 98 3691 1294 3972">
     <span class='ocr_line' id='line_1_35' title="bbox 225 3691 1283 3816; baseline -0.001 -39"><span class='ocrx_word' id='word_1_264' title='bbox 225 3707 338 3816; x_wconf 57' lang='lat' dir='ltr'><strong>Imma</strong></span> <span class='ocrx_word' id='word_1_265' title='bbox 359 3707 505 3800; x_wconf 81' lang='lat' dir='ltr'><strong>quidam,</strong></span> <span class='ocrx_word' id='word_1_266' title='bbox 525 3703 746 3809; x_wconf 66' lang='lat' dir='ltr'><strong>Atheniensis,</strong></span> <span class='ocrx_word' id='word_1_267' title='bbox 767 3691 878 3776; x_wconf 79' lang='lat' dir='ltr'><strong>Liberi</strong></span> <span class='ocrx_word' id='word_1_268' title='bbox 898 3723 1007 3774; x_wconf 87' lang='lat' dir='ltr'><strong>comes</strong></span> <span class='ocrx_word' id='word_1_269' title='bbox 1035 3705 1106 3810; x_wconf 64' lang='lat' dir='ltr'><strong>fuit</strong></span> <span class='ocrx_word' id='word_1_270' title='bbox 1129 3775 1131 3780; x_wconf 82' lang='grc'>,</span> <span class='ocrx_word' id='word_1_271' title='bbox 1157 3707 1283 3812; x_wconf 28' lang='lat' dir='ltr'><strong>doque</strong></span> 
     </span>
     <span class='ocr_line' id='line_1_36' title="bbox 98 3789 1294 3972; baseline 0.009 -23"><span class='ocrx_word' id='word_1_272' title='bbox 98 3791 662 3972; x_wconf 55' lang='lat' dir='ltr'><strong>³⁵ttittttt0ttt,t,⁰ttiit</strong></span> <span class='ocrx_word' id='word_1_273' title='bbox 677 3789 838 3946; x_wconf 65' lang='lat' dir='ltr'><strong>titt</strong></span> <span class='ocrx_word' id='word_1_274' title='bbox 852 3789 992 3948; x_wconf 64' lang='lat' dir='ltr'><strong>itta</strong></span> <span class='ocrx_word' id='word_1_275' title='bbox 1017 3803 1294 3964; x_wconf 61' lang='lat' dir='ltr'><strong>ttrittif</strong></span> 
     </span>
    </p>

    <p class='ocr_par' dir='ltr' id='par_1_12' title="bbox 139 3961 1284 4141">
     <span class='ocr_line' id='line_1_37' title="bbox 140 3961 1284 4057; baseline -0.002 -22"><span class='ocrx_word' id='word_1_276' title='bbox 140 3982 173 4036; x_wconf 87' lang='lat' dir='ltr'><strong>et</strong></span> <span class='ocrx_word' id='word_1_277' title='bbox 195 3993 279 4057; x_wconf 81' lang='lat' dir='ltr'><strong>quae</strong></span> <span class='ocrx_word' id='word_1_278' title='bbox 299 3969 470 4037; x_wconf 88' lang='lat' dir='ltr'><strong>tenerrima</strong></span> <span class='ocrx_word' id='word_1_279' title='bbox 491 3965 534 4032; x_wconf 94' lang='lat' dir='ltr'><strong>ibi</strong></span> <span class='ocrx_word' id='word_1_280' title='bbox 559 3961 747 4030; x_wconf 85' lang='lat' dir='ltr'><strong>videbantur</strong></span> <span class='ocrx_word' id='word_1_281' title='bbox 767 3962 842 4030; x_wconf 84' lang='lat' dir='ltr'><strong>solia</strong></span> <span class='ocrx_word' id='word_1_282' title='bbox 863 3962 1072 4052; x_wconf 83' lang='lat' dir='ltr'><strong>decerpsisse.</strong></span> <span class='ocrx_word' id='word_1_283' title='bbox 1155 3963 1220 4032; x_wconf 88' lang='lat' dir='ltr'><strong>ude</strong></span> <span class='ocrx_word' id='word_1_284' title='bbox 1243 3982 1284 4037; x_wconf 86' lang='lat' dir='ltr'><strong>et</strong></span> 
     </span>
     <span class='ocr_line' id='line_1_38' title="bbox 139 4048 1282 4141; baseline -0.002 -21"><span class='ocrx_word' id='word_1_285' title='bbox 139 4055 246 4122; x_wconf 86' lang='lat' dir='ltr'><strong>adhuc</strong></span> <span class='ocrx_word' id='word_1_286' title='bbox 266 4075 365 4141; x_wconf 85' lang='lat' dir='ltr'><strong>caper</strong></span> <span class='ocrx_word' id='word_1_287' title='bbox 385 4052 536 4134; x_wconf 84' lang='lat' dir='ltr'><strong>Baccho,</strong></span> <span class='ocrx_word' id='word_1_288' title='bbox 569 4049 644 4138; x_wconf 88' lang='lat' dir='ltr'><strong>quie</strong></span> <span class='ocrx_word' id='word_1_289' title='bbox 665 4051 758 4117; x_wconf 88' lang='lat' dir='ltr'><strong>obest</strong></span> <span class='ocrx_word' id='word_1_290' title='bbox 779 4049 909 4130; x_wconf 87' lang='lat' dir='ltr'><strong>vitibus,</strong></span> <span class='ocrx_word' id='word_1_291' title='bbox 942 4048 1130 4117; x_wconf 88' lang='lat' dir='ltr'><strong>immolatur.</strong></span> <span class='ocrx_word' id='word_1_292' title='bbox 1172 4051 1282 4120; x_wconf 85' lang='lat' dir='ltr'><strong>Victi-</strong></span> 
     </span>
    </p>

    <p class='ocr_par' dir='ltr' id='par_1_13' title="bbox 10 4133 1283 4312">
     <span class='ocr_line' id='line_1_39' title="bbox 10 4133 1283 4225; baseline -0.002 -16"><span class='ocrx_word' id='word_1_293' title='bbox 10 4167 12 4170; x_wconf 88' lang='lat'>·</span> <span class='ocrx_word' id='word_1_294' title='bbox 138 4141 315 4208; x_wconf 79' lang='lat' dir='ltr'><strong>moeeuim</strong></span> <span class='ocrx_word' id='word_1_295' title='bbox 337 4139 596 4218; x_wconf 24' lang='lat' dir='ltr'><strong>numinibusxaut</strong></span> <span class='ocrx_word' id='word_1_296' title='bbox 614 4155 672 4224; x_wconf 89' lang='lat' dir='ltr'><strong>per</strong></span> <span class='ocrx_word' id='word_1_297' title='bbox 692 4133 940 4214; x_wconf 80' lang='lat' dir='ltr'><strong>similitudinem,</strong></span> <span class='ocrx_word' id='word_1_298' title='bbox 965 4148 1026 4204; x_wconf 80' lang='lat' dir='ltr'><strong>out</strong></span> <span class='ocrx_word' id='word_1_299' title='bbox 1052 4158 1111 4225; x_wconf 89' lang='lat' dir='ltr'><strong>per</strong></span> <span class='ocrx_word' id='word_1_300' title='bbox 1143 4149 1283 4206; x_wconf 82' lang='lat' dir='ltr'><strong>contre·</strong></span> 
     </span>
     <span class='ocr_line' id='line_1_40' title="bbox 96 4219 1281 4312; baseline -0.002 -16"><span class='ocrx_word' id='word_1_301' title='bbox 96 4223 509 4296; x_wconf 73' lang='lat' dir='ltr'><strong>serietatemimmoluutun</strong></span> <span class='ocrx_word' id='word_1_302' title='bbox 524 4222 606 4292; x_wconf 70' lang='lat' dir='ltr'><strong>‘Per</strong></span> <span class='ocrx_word' id='word_1_303' title='bbox 619 4219 863 4306; x_wconf 72' lang='lat' dir='ltr'><strong>similitudinem</strong></span> <span class='ocrx_word' id='word_1_304' title='bbox 883 4225 921 4304; x_wconf 78' lang='lat' dir='ltr'><strong>ut</strong></span> <span class='ocrx_word' id='word_1_305' title='bbox 936 4219 1062 4308; x_wconf 66' lang='grc' dir='ltr'>ιιίςιιιιιι</span> <span class='ocrx_word' id='word_1_306' title='bbox 1080 4243 1181 4312; x_wconf 87' lang='lat' dir='ltr'><strong>pecus</strong></span> <span class='ocrx_word' id='word_1_307' title='bbox 1191 4222 1281 4294; x_wconf 79' lang='lat' dir='ltr'><strong>Pto-</strong></span> 
     </span>
    </p>
   </div>
   <div class='ocr_carea' id='block_1_11' title="bbox 0 0 1375 4788">
    <p class='ocr_par' dir='ltr' id='par_1_14' title="bbox 0 0 1375 4788">
     <span class='ocr_line' id='line_1_41' title="bbox 0 0 1375 4788; baseline 0 0"><span class='ocrx_word' id='word_1_308' title='bbox 0 0 1375 4788; x_wconf 95' lang='lat' dir='ltr'><strong> </strong></span> 
     </span>
    </p>
   </div>
  </div>
 </body>
</html>
