2698 4804
84 265 87 278 ⁸
170 263 261 372 W
496 281 677 385 dipthoqr.
716 279 787 355 111.
843 247 909 355 12.
962 275 1002 352 5.

81 507 93 537 ι
172 470 247 538 niat.
292 469 376 535 Nam
387 466 482 558 quod
506 467 643 535 Seruius
664 465 805 540 minime,
818 465 952 554 primam
981 462 1153 551 producere
1172 455 1299 551 asserit,

172 557 250 644 quia·
269 549 415 620 videlicet
437 555 601 622 Graecum
628 575 744 620 nomen
775 552 924 620 Latinam
940 548 1153 636 non-*recipiat
1173 557 1280 640 etymo-⁸

171 641 309 728 logiam,
333 640 375 704 dc
398 662 445 703 co
460 639 602 716 Tobiae,
625 651 660 706 ut
682 659 778 726 supra
799 637 973 714 innuimus,
994 635 1104 784 aliique
1123 653 1180 696 uon
1202 649 1282 714 pauci

173 727 342 794 dissentire
364 724 518 791 ridentur.
561 725 663 792 Varro
685 725 822 812 denique
840 723 900 789 ait:
930 719 1054 808 Etyma
1069 721 1149 805 ogia
1167 723 1282 781 certam

58 846 62 852 ’
148 831 241 879 anon
263 809 365 876 habet
382 810 644 900 proprietatem,
665 811 726 874 sed
744 831 810 896 pro
830 805 1092 895 captaiageaii
1101 797 1161 888 fit.
1202 799 1285 866 Nam

170 905 205 960 et
223 893 559 1043 vestipalromjaxta
576 893 665 957 alios
688 893 832 980 eoquod
844 895 999 980 januam
1013 890 1155 966 vestiat,
1176 903 1288 952 secane

170 978 256 1044 ahira
275 1001 297 1044 a
315 980 365 1043 ios
387 1001 410 1042 a
436 977 476 1046 V
473 989 548 1042 esta
569 979 674 1064 (nam
696 975 826 1046 Vestae
845 978 951 1042 limen
966 982 1197 1040 consecratam
1216 962 1288 1049 est),

171 1075 228 1144 at,
254 1070 301 1128 ut
323 1063 391 1128 alii
423 1061 572 1142 volant,
594 1063 686 1152 qaod
706 1062 791 1144 'illic
822 1059 943 1128 nullas
963 1071 1052 1135 stet,
1086 1057 1216 1122 dictam
1235 1059 1287 1146 eai-

134 1161 140 1168 ·
174 1148 352 1230 Quomodo
372 1147 466 1213 caim
498 1169 645 1212 resonas
674 1170 738 1214 non
759 1169 883 1220 sanas,
915 1147 966 1210 sic
994 1140 1214 1218 vestibulum,
1239 1155 1286 1231 uz-

130 1233 318 1319 inquiant,
349 1233 456 1320 quasi
491 1253 555 1298 non
587 1229 764 1300 stabolum
798 1231 952 1308 <licitam
987 1230 1025 1294 ia
1056 1227 1177 1292 limine
1209 1241 1289 1322 carni

135 1389 138 1395 ¹
170 1315 335 1382 sotos'esr
356 1317 544 1384 transitus.
586 1315 659 1383 Utri
687 1330 793 1385 auteur
822 1317 907 1407 parti
930 1312 1101 1386 favendum
1130 1309 1185 1387 sit,
1209 1315 1288 1396 Juxta

92 1420 95 1430 ’
171 1401 420 1469 controversiam
457 1399 500 1468 de
541 1403 706 1470 contrariis
745 1402 870 1490 legibus
906 1401 1051 1488 relinquo
1086 1391 1289 1479 ventilandum.

169 1486 271 1554 Pater
292 1488 388 1554 etiam
408 1487 482 1554 iicet
504 1488 644 1553 omnium
664 1487 799 1556 deorum
820 1509 936 1554 nomen
960 1481 1178 1576 sit-generale,
1198 1491 1289 1544 tamen

169 1572 299 1660 proprie
318 1572 439 1638 Libero
460 1595 588 1661 semper
615 1572 786 1654 cobaeret;
824 1597 897 1640 nam
918 1573 1018 1638 Liber
1048 1583 1141 1660 pater
1168 1574 1291 1632 vocatur.

38 1690 42 1699 ⁴
130 1676 164 1730 15
173 1657 347 1724 Sciendum
369 1672 492 1738 tamen,
515 1681 574 1746 pro
596 1659 745 1746 qualitate
766 1680 874 1727 rerum
895 1657 947 1725 rei
962 1657 1193 1745 personarum,
1220 1668 1290 1713 suro-

171 1765 258 1809 mum
281 1743 377 1810 deum
400 1743 462 1816 dici
485 1746 531 1808 rei
561 1755 693 1831 patrem.
716 1797 720 1806 ,
745 1741 912 1812 Summani
935 1745 1018 1810 enim
1046 1742 1184 1832 quisque
1210 1733 1292 1801 deum

170 1838 281 1903 vocat,
303 1850 399 1914 quem
421 1829 594 1916 praecipue
614 1841 792 1898 veneratur.
835 1831 917 1899 Inde
937 1839 1004 1896 est:

258 1914 399 1994 Sammo
418 1911 521 1978 desim
542 1916 660 1981 sancti
678 1927 793 1982 castos
817 1915 973 1982 Soractis
994 1912 1138 2002 Apollo.
1174 1911 1179 1922 “

35 2049 43 2054 .
141 2037 144 2042 ⁴
169 1996 308 2084 Proprie
330 2008 436 2064 tamen
460 1999 525 2078 hoc¹
544 1999 714 2086 epitheton
730 2003 802 2068 Jovi
822 2000 933 2068 datum
955 2010 1021 2078 est,
1056 2009 1113 2064 uta

126 2096 164 2146 πο
258 2081 368 2155 Nate*
408 2083 501 2150 atris
529 2087 675 2163 sommi,
708 2087 769 2175 ¹qai
790 2088 861 2154 tela
892 2083 1056 2172 Typlioe'a
1086 2075 1228 2152 terranis,

171 2154 255 2236 Sunt
292 2179 326 2234 et
362 2105 422 2234 ahh
454 2167 547 2263 hujus
580 2182 613 2238 et
645 2171 795 2253 aliorum,
838 2169 880 2237 de
917 2169 1033 2258 quibus
1071 2168 1212 2256 egimus,
1232 2158 1294 2226 deo-

170 2275 243 2321 rum
271 2253 445 2333 vocahula,
475 2254 518 2320 de
546 2252 661 2344 quihus
688 2257 903 2325 authenticam
925 2254 1088 2342 non-tegi
1113 2253 1293 2339 scripturam·

171 2339 269 2412 Quod
290 2339 378 2430 enirn¹
396 2339 516 2418 Libero
538 2340 724 2420 adhibetur,
748 2353 784 2409 ut
810 2339 1125 2428 Iacchusdicatur,
1158 2337 1206 2404 rei
1226 2325 1297 2421 quod

116 2483 118 2498 ,
171 2425 269 2492 Euius
290 2435 491 2512 nuncupetur
511 2425 618 2514 (quod
639 2425 763 2490 bonum
778 2450 929 2518 pueram
949 2426 1158 2512 interpretari
1175 2415 1296 2495 dicunt),

127 2511 247 2578 aeirem
269 2511 357 2600 quod
377 2512 509 2578 Briseus
532 2512 724 2598 appelletur,
744 2511 778 2576 id
799 2522 850 2600 est
870 2511 1089 2600 exprimens,
1117 2509 1195 2600 quia
1214 2505 1298 2580 Liber

67 2621 72 2634 ‚
159 2597 290 2683 primus
321 2598 426 2662 vinum
454 2598 496 2660 ab
525 2619 585 2661 uva
616 2599 827 2683 expresserit,
857 2596 914 2662 'lae
945 2597 986 2663 ab
1016 2597 1142 2676 ubere,
1181 2591 1240 2664 mel
1265 2586 1299 2686 df}

172 2683 243 2746 t'avo
274 2679 497 2768 (vei'Briseus
533 2691 584 2748 est
603 2681 781 2765 hirsutam
816 2705 889 2766 nam
912 2681 1099 2749 etzduastn
1125 2677 1261 2748 Graecia
1277 2691 1299 2773 [Β

88 2771 92 2784 ’
172 2768 274 2832 t'ertru
310 2765 459 2839 habuisse
489 2775 629 2844 statuas,
669 2767 801 2836 aiteram
826 2769 1002 2833 hirsutam
1024 2767 1171 2852 dietam
1201 2763 1301 2846 Brisa,

112 2909 116 2920 ,
172 2852 307 2922 aiteram
332 2852 442 2924 lenem
472 2851 590 2919 dictam
610 2853 770 2942 Lenaei);
802 2853 851 2920 vel
872 2852 959 2948 quod
977 2853 1165 2920 Bassareus
1187 2876 1207 2919 a
1228 2854 1300 2947 reste

30 2943 54 3024 '¹
129 2937 240 3025 acejus
260 2945 363 3023 usque
383 2934 426 3001 ad
446 2936 544 3024 pedes
566 2937 704 3026 demissa
720 2949 869 3020 vocetur,
891 2938 978 3006 dicta
999 2963 1019 3009 a
1041 2941 1181 3007 nomine
1202 2934 1260 3004 ioci
1279 2949 1302 2994 u

172 3020 277 3112 Lydia
287 3023 341 3087 ubi
355 3021 712 3112 assumendamque
725 3026 887 3094 ministrae
901 3023 1093 3094 Bassaridas
1108 3028 1301 3112 nuncupatae

59 3166 63 3174 ,
172 3108 362 3194 putantur),
400 3118 443 3190 ut„
466 3110 637 3177 Horatius:
686 3111 845 3180 Candide
876 3109 1077 3192 Bassarea3
1102 3127 1140 3180 et
1163 3111 1270 3178 Nero:

108 3267 110 3285 Ι
256 3192 442 3273 Bassaris,
466 3205 514 3269 et
543 3196 680 3283 Lyrzce,
711 3191 860 3260 Maenas
877 3193 1022 3286 flexura
1050 3197 1255 3286 corymbis3
1282 3199 1292 3210 “

174 3274 255 3343 haec
277 3279 352 3365 quia
371 3279 405 3345 in
426 3279 616 3346 authenticis
638 3302 701 3347 uon
716 3280 849 3369 repperi
876 3278 1088 3361 editionibus,
1123 3283 1179 3348 vei
1207 3276 1305 3364 suiga-

80 3370 90 3377 “
131 3360 453 3442 tartareaeque
475 3364 657 3447 adinventa,
692 3366 741 3431 rei
762 3366 861 3444 t'aisa,
896 3365 944 3447 ,vel
967 3363 1166 3455 apocrypha
1191 3365 1275 3433 duxi.

257 3447 291 3542 3.Ι
331 3447 429 3516 Indos
451 3451 499 3516 vei
523 3451 565 3516 ob
588 3451 650 3517 hoe
675 3449 767 3541 juxta
797 3448 1012 3538 Fuigeritium
1036 3452 1180 3540 dicitur
1197 3451 1308 3520 vicisse

173 3530 262 3620 quod
285 3529 331 3600 soi
355 3533 508 3604 eos‘facit
542 3548 725 3624 potatores,
758 3536 809 3602 vel
829 3535 918 3624 quod
938 3537 991 3606 hic
1004 3538 1047 3606 fit
1067 3537 1259 3608 Falernum
1271 3531 1310 3597 ri·

172 3639 248 3686 num
276 3617 325 3686 vel
357 3618 591 3712 Mareoticum}
618 3622 724 3712 cujus,
759 3621 876 3711 inquit,
898 3622 968 3689 riui
1000 3623 1088 3704 tanta
1122 3627 1231 3694 virtus
1262 3625 1310 3692 ests

173 3713 209 3770 ut
236 3703 286 3770 rix
312 3704 446 3792 quilibet
479 3707 606 3776 vinosus
641 3708 814 3778 sextarium
852 3709 885 3776 in
922 3731 1032 3778 mense
1065 3721 1189 3780 totum
1228 3707 1314 3777 hibat

132 3787 270 3856 toUnde
291 3789 461 3872 Lucanus:
973 3840 990 3848 -f
1139 3833 1147 3848 ·

258 3875 476 3940 Indomitum
505 3877 628 3942 Meroi'
644 3899 777 3965 ,cogens
804 3903 821 3944 s
846 3901 969 3947 amare
996 3879 1224 3967 Falmmum.

174 3957 292 4046 Neque
321 3961 404 4028 enim
429 3983 511 4049 aqua
534 3985 629 4050 posse
657 3963 781 4030 domari
827 3967 929 4034 icitur.
971 3965 1119 4052 Legitur
1145 3983 1183 4035 et
1206 3969 1240 4032 in
1262 3961 1316 4030 his·

175 4046 278 4123 toria,
308 4046 396 4134 quod
416 4049 501 4114 sicut
524 4047 610 4135 apud
632 4049 806 4138 Aegyptios
833 4051 935 4119 Osiris
957 4053 1090 4118 maritus
1118 4051 1246 4131 Isidis,
1279 4044 1319 4114 sit

175 4127 261 4214 apud
285 4127 381 4198 ludos
404 4131 523 4211 Liber,
552 4157 648 4221 quum
671 4137 714 4200 de
733 4137 770 4202 iis
791 4129 1033 4239 triumphasset,
1061 4160 1171 4204 usum
1197 4141 1320 4204 invene·

134 4216 216 4282 rsarit
247 4214 417 4291 vincarum.
472 4222 499 4283 Α
527 4217 660 4285 Marone
702 4223 835 4296 nutritus
868 4223 1004 4308 dicitur,
1041 4225 1143 4310 quasi
1164 4225 1318 4290 olerone·

151 4295 269 4414 'Mero
291 4299 374 4396 enim
394 4304 551 4368 nutritor
576 4304 805 4374 vinolentiae
823 4306 948 4376 dicitur.
994 4310 1031 4376 In
1054 4303 1215 4394 tigribus
1239 4305 1324 4376 sedet
