2698 4804
244 221 250 238 “
297 237 480 344 uyuogr.
509 225 601 323 5111.¹
637 236 712 316 rs..
757 239 945 363 7-.a.·
1089 241 1210 322 ass,
1324 288 1328 297 .

62 449 122 494 earu
143 427 181 494 ad
201 425 452 518 putenm‘dnrit.
494 427 643 514 Erigone
661 451 757 517 quum
780 426 834 496 diu
856 428 899 495 ad
915 439 1045 518 puteum
1067 431 1173 511 fleret,
1197 438 1200 447 “

59 513 173 581 tandem
211 537 281 583 eum
317 513 461 582 canicula
494 512 646 582 translata
678 525 728 582 est
755 515 787 579 iu
817 515 957 595 caelum,
996 528 1030 584 et
1059 537 1100 581 ex
1132 539 1172 584 ea

62 598 252 668 factumest
288 599 313 667 si
341 621 414 666 num
443 595 530 688 quod
568 597 684 666 dicitnr
725 600 845 688 Virgo,
885 613 918 670 et
954 621 993 668 ex
1029 601 1195 671 canicula‘
1252 665 1260 688 ,

60 695 169 752 astrum
188 622 378 774 puucipde,
412 682 499 774 quod
530 695 580 750 est
605 685 697 773 juxta
718 685 901 772 Virginem-3
937 685 969 751 in
989 707 1055 774 quo
1072 706 1169 774 quum
1204 697 1209 715 '
1242 681 1245 694 '

59 770 100 835 sol
117 782 178 848 est,
199 770 347 839 dicuntur
368 769 437 836 dies
459 769 686 850 caniculares,¹
700 770 809 838 fervidi
831 781 864 838 et
883 770 956 837 mali
976 771 1019 837 ad
1039 770 1195 852 modums
1235 797 1244 822 Χ

59 856 218 923 caniculae.
272 855 329 924 Sol
358 854 476 923 dicitur
512 855 642 922 esseio
673 857 822 943 Virgine,
865 856 939 945 quia
967 845 1051 926 siodt
1076 859 1170 952 virgo

56 942 177 1024 sterilis,
198 942 244 1009 sic
264 964 362 1030 quum
383 939 432 1007 sol
452 938 594 1026 decurrit
612 961 671 1029 per
690 941 765 1008 illud
786 943 932 1028 signum,
961 953 1050 1010 terra
1078 947 1171 1018 steri,-

52 1021 89 1096 lis
107 1039 154 1094 est
173 1039 208 1094 et
227 1026 335 1108 arida3
356 1049 428 1092 nam
450 1037 582 1114 propter
602 1026 676 1093 solis
699 1023 899 1098 adustionem
920 1027 994 1098 nihil
1014 1029 1106 1116 parit.

131 1115 161 1180 7.
202 1112 241 1180 ln
264 1112 348 1178 bello
366 1111 526 1177 'l'hebano
559 1110 665 1179 Pallas
697 1135 769 1179 cunr
799 1112 988 1204 quibusdam
1017 1114 1084 1180 aliis¹
1111 1112 1170 1180 diis

56 1194 173 1266 larebat
192 1199 345 1279 Graecis3
378 1197 528 1263 Bacchus
577 1198 653 1284 quia
674 1197 849 1267 Thebanus
878 1201 964 1279 erat,
1001 1221 1073 1284 cnm
1095 1201 1213 1288 qui-10

54 1282 179 1350 busdam
204 1285 271 1350 aliis
293 1282 351 1349 diis
374 1283 501 1350 larebat
528 1245 702 1350 'l'hebanis
756 1284 853 1351 Unde
882 1283 965 1351 inter
993 1283 1082 1350 decs'
1099 1297 1171 1353 orta

54 1378 97 1434 est
115 1367 291 1447 discordia,
322 1368 449 1457 quinam
470 1365 625 1434 deberent
646 1357 806 1436 victoriam
828 1370 983 1438 obtinere.
1024 1369 1171 1459 luppiter

53 1451 109 1519 hoe
128 1455 237 1522 videns
260 1451 394 1540 seditio
414 1453 576 1520 Parnasso
605 1463 731 1536 monte,
763 1457 817 1545 qui
845 1467 895 1522 est
910 1456 1002 1545 juxta
1027 1449 1172 1535 Thebas,

53 1560 180 1608 auream·
194 1542 307 1616 libram
326 1551 441 1626 ¹teneus
472 1538 505 1602 in
538 1559 650 1619 manu,
682 1550 719 1607 ut
750 1541 794 1614 de
821 1552 956 1629 utraque
981 1539 1173 1610 deliberaret

71 1635 142 1693 arte.
182 1626 234 1694 Ad
248 1625 367 1692 exitum
385 1623 578 1691 autemhelli
597 1623 666 1714 ipse
683 1623 759 1695 vidit
773 1627 905 1717 aequale
920 1650 992 1694 osse
1007 1625 1172 1714 judicium.
1180 1643 1213 1694 ta

51 1645 112 1812 bed
131 1733 207 1779 mox
227 1709 272 1777 ad
293 1705 912 1781 Thebanamdestructiouem-Graecos
934 1713 1054 1778 hahere
1074 1713 1171 1780 ricto·
1298 1758 1303 1771 .

53 1794 124 1862 riam
152 1798 353 1887 percipiens,
387 1794 563 1877 Thebanos
596 1794 804 1877 de'udicnvit,
837 1799 987 1868 *Graecos
1010 1791 1170 1882 exaltavit.

51 1879 139 1947 Unde
160 1879 412 1949 admemoriam
432 1879 522 1946 istius
545 1879 591 1946 rei
611 1820 692 1948 ulra
720 1883 826 1952 delata
847 1895 896 1952 est
915 1884 947 1949 in
970 1882 1126 1963 caelum,'
1140 1895 1173 1951 et

50 1985 84 2030 er
102 1991 139 2034 aa
160 1969 285 2035 laetum
315 1966 443 2052 signum
470 1964 617 2032 caeleste.
646 2005 689 2016 -
715 1971 838 2042 *Aliter
887 1969 987 2036 Libra
1017 1970 1101 2036 lacta
1124 1980 1172 2035 est

20 2109 21 2112 ,
49 2048 86 2116 de
107 2054 246 2121 brachiis
269 2049 462 2138 scorpiacus,
482 2073 567 2138 quae
587 2050 737 2123 dicuntur
758 2055 886 2136 chelae,
917 2056 1000 2124 sicut
1020 2056 1102 2121 iulre
1123 2054 1215 2128 di-uo

22 2147 143 2228 retur.
195 2139 257 2206 Sol
280 2137 397 2204 dicitur
417 2158 489 2203 esse
511 2137 547 2199 in
568 2135 689 2218 Libra,
719 2141 794 2227 quia
822 2161 919 2228 quum
941 2162 998 2227 per
1017 2140 1093 2205 illud
1114 2139 1173 2205 de-

29 2211 314 2313 ’currltslguum
340 2231 395 2288 est
427 2220 695 2308 aequinoctium,·
714 2237 747 2292 et
779 2221 1000 2314 adaequantur
1029 2237 1183 2315 tempora·
1231 2297 1237 2316 ,

48 2310 179 2378 noctium
203 2306 402 2396 temporibus
426 2305 558 2373 dierum.
674 2343 682 2378 r
1217 2325 1220 2336 ¹

122 2397 153 2462 8.
199 2396 311 2472 Quum
342 2392 462 2459 Chiron
500 2412 572 2456 oum
597 2391 667 2460 ,lilio
704 2415 764 2460 suo
801 2412 858 2482 per
895 2391 989 2458 silvas
1015 2391 1174 2468 transiret,

45 2482 166 2568 scorpio
188 2483 367 2548 immensae
387 2477 621 2564 magnitudinis
640 2479 736 2547 filium
765 2478 832 2570 ejus
864 2483 966 2565 paene
996 2475 1215 2564 deglutivit-25

45 2563 171 2648 Chiron¹
200 2566 343 2657 optimus
378 2564 547 2650 sagittator
585 2566 785 2652 scorpionem
821 2563 995 2654 percussit·
1011 2577 1045 2630 et
1074 2563 1183 2628 lilium.

44 2647 202 2732 uberavit3
239 2650 341 2718 etsie
371 2649 498 2737 scorpio
515 2648 687 2718 translatus
708 2663 758 2719 est
778 2651 811 2717 iu
833 2650 1026 2732 eaelum,—
1068 2647 1173 2713 Aliter.

42 2733 206 2826 luppiter,
240 2737 412 2837 Neptunus
442 2746 476 2803 et
494 2734 672 2802 Mercurius
693 2759 766 2804 cum
791 2761 794 2792 ι
818 2735 986 2803 uibusdam
1016 2731 1082 2800 aliis
1112 2731 1172 2799 diis

41 2821 249 2892 circueuntes
275 2818 414 2886 diversas
442 2819 610 2906 regiones,
632 2820 770 2912 quodam
795 2759 849 2890 die
868 2821 936 2890 sole
956 2817 1173 2886 descendente

40 2903 319 2992 pervenerunsad
337 2903 477 2982 ‚domum
507 2905 707 2993 Oenopionis'
735 2904 861 2987 rustici,
890 2906 944 2997 qui
966 2925 1022 2972 eos
1043 2905 1214 2985 honori-30

39 2993 98 3059 lice
120 2993 287 3085 suscepit,
310 3001 342 3058 et
363 2991 489 3063 unicum
507 2991 636 3070 bovem,
657 3013 751 3078 quem
774 2992 928 3074 habebat,
961 2991 998 3056 iis
1023 2990 1172 3078 apposuit
1223 3035 1227 3044 ·

37 3078 314 3148 manducandum.
368 3075 434 3164 Ipsi
472 3085 593 3144 autem.
612 3076 725 3144 relecti
753 3078 894 3151 volentes
924 3076 1047 3156 redire,
1081 3075 1187 3142 dixe
1279 3077 1281 3084 ’

35 3176 110 3234 runt
129 3168 213 3257 'ipsi
253 3161 449 3249 Oenopioni,
487 3169 526 3228 ut
556 3161 707 3250 quicquid
744 3163 836 3231 vellet
864 3174 1004 3254 peteret,
1048 3172 1081 3227 et
1111 3161 1172 3312 ipsi
1224 3210 1227 3216 .

35 3249 179 3320 daretur.
225 3249 303 3338 Ipse
326 3258 432 3314 autem
456 3246 817 3338 protestaremur,
849 3263 887 3318 ut
905 3247 965 3316 sibi
998 3245 1095 3313 lilium

36 3349 112 3404 rent
165 3335 237 3413 Qui
265 3332 413 3399 borinum
444 3334 566 3400 corium
593 3333 828 3422 perminxerunt
856 3345 890 3402 et
920 3335 1047 3421 plenum
1079 3355 1214 3426 sepe-'sa
1251 3383 1259 3390 .

33 3419 168 3504 lierunt3
206 3442 250 3488 ex
279 3417 344 3505 quo
373 3430 590 3506 postfnoreru
624 3441 747 3488 menses
784 3429 955 3488 natusest
981 3417 1086 3484 Orion
1114 3439 1174 3486 seu
1275 3485 1277 3496 ,

8 3521 11 3530 “
38 3493 194 3599 Oblatas,
225 3501 267 3582 ,id
291 3515 340 3570 est
360 3525 399 3569 es
420 3504 527 3568 urina
548 3505 685 3592 genitus.
736 3507 801 3581 Qui
833 3506 938 3572 lactus
966 3515 1098 3598 venator
1118 3526 1196 3568 ro·-

32 3589 88 3662 luit
115 3617 198 3662 cum
235 3588 343 3656 Diana
373 3591 605 3672 concumbere;
638 3611 724 3679 quae
751 3590 832 3659 irata
858 3591 942 3660 misit
972 3590 1173 3678 scorpionem
1250 3603 1254 3610 '

31 3675 216 3758 immensae
238 3672 463 3762 magnitudinis
481 3675 513 3739 in
535 3675 691 3762 eum,·qui
713 3677 846 3744 invicem
860 3674 1049 3766 proeliantes
1065 3670 1173 3742 'trans-
1297 3685 1302 3707 ‘

29 3761 82 3834 lati
104 3775 186 3839 sunt
208 3762 246 3828 in
267 3760 405 3826 caelum.»
451 3759 535 3826 Nam
555 3759 723 3827 noluerunt
744 3761 787 3828 dii
809 3785 898 3830 suam
916 3751 1037 3850 prolem
1056 3759 1215 3849 perire‚tu

30 3870 91 3916 nec
111 3852 231 3916 Diana
261 3867 355 3913 suum
383 3846 591 3933 scorpionem.
646 3846 747 3913 Orion
775 3847 906 3935 ensifer
929 3845 1064 3925 dicitur,
1099 3845 1173 3932 quia

28 3937 227 4004 succinctus
267 3940 337 3998 erat
368 3952 474 3998 ense.
509 3929 561 3997 nx
595 3953 669 3999 scor
691 3932 764 3999 ione
798 3932 974 4000 secundum
1005 3943 1107 3998 utram
1133 3953 1173 3996 ue

30 4022 177 4088 fabulam
212 4017 302 4087 facta
332 4027 408 4084 sunt
432 4015 498 4083 duo
528 4016 629 4104 signa.
669 3956 732 4085 ιἒὴι
762 4019 917 4098 brachiis,
948 4038 1034 4106 quae
1062 3954 1173 4083 obdas

27 4101 200 4186 dicuntur,
225 4100 347 4172 facturn
368 4113 418 4171 est
439 4101 564 4189 signnm
586 4102 674 4208 quod
694 4102 813 4182 dicitur
833 4104 949 4192 Libra,
972 4123 1012 4168 ex
1036 4123 1173 4190 corpore

25 4194 153 4260 factum
191 4197 250 4255 est
264 4191 400 4278 signnm
432 4186 519 4276 quod
540 4187 655 4256 dicrtur
673 4189 819 4277 Scorpio.
870 4188 929 4256 Sol
958 4186 1075 4255 dieitur
1102 4208 1214 4258 essens

25 4277 56 4344 iu
80 4275 294 4365 Scorpione,
326 4265 401 4364 quin
419 4273 503 4372 sicut
532 4275 660 4364 scorpio
680 4275 797 4368 pungit
811 4296 872 4365 per
890 4274 1042 4355 condano,
1072 4273 1116 4342 ita
1137 4286 1171 4340 et
