2716 4794
319 265 600 370 nyssam.
656 267 696 390 c.
749 267 894 350 ιιι-ι.
983 257 1017 360 ᾗ
1100 209 1186 344 ιιι

78 447 208 517 nonsatis
228 450 282 532 lit,
304 452 360 520 sed
384 477 511 543 semper
532 453 740 522 recrudescit.
782 454 864 521 lude
885 453 1038 533 Horatius
1058 453 1178 522 ιἰιιιιιι-1
1229 485 1233 499 ·
1306 483 1309 489 ’

76 532 215 614 uirentis,
234 538 293 617 ait,
328 539 427 623 tttyt
445 543 560 628 jecur.
618 541 683 607 Hic
711 550 744 606 et
764 561 824 627 pro
844 543 984 620 incesto,
1017 536 1105 627 quod
1135 541 1178 605 vi-

73 555 168 686 delcet
184 621 339 690 Latonam
363 622 404 690 dc
425 641 539 713 stupro
566 624 792 714 interpellavit,
826 623 913 714 apud
941 625 1061 692 inseres
1088 623 1178 690 daia-

71 713 148 768 natus
180 705 301 774 dicitur.
341 707 436 780 Idem
461 711 632 796 Lucretius
669 732 744 798 per
763 733 838 786 ecs,
880 733 977 799 super
1006 733 1086 799 quos
1111 709 1178 796 jam

71 799 182 876 casurus
202 793 341 886 imminet
360 793 457 898 lapis,
487 806 522 866 ut
546 793 588 862 de
609 797 757 886 Phlegya
777 795 913 882 legitur,
943 796 1208 883 superstitiososs-

14 897 16 908 ¹
68 871 115 947 dat
136 876 280 968 intelligi,
315 880 369 967 qui
396 881 530 948 maniter
563 905 690 952 semer
721 895 884 960 verentur,
923 893 955 949 et
984 882 1026 948 dc
1055 881 1114 958 diis
1148 893 1181 947 et

68 960 262 1046 superioribus
293 965 374 1030 male
405 967 582 1057 opinantur.
659 991 710 1034 am
727 967 879 1054 -retgiost
912 978 1002 1046 sunt,
1046 967 1101 1054 qui
1120 989 1179 1054 per

65 1049 254 1116 reverentiam
282 1050 401 1118 timent
447 1051 597 1120 Undeet
625 1054 693 1120 hic·
707 1053 857 1142 tempium
880 1052 1027 1138 Apollinis
1049 1053 1180 1118 subver-

65 1128 146 1196 tendo
167 1158 301 1222 poenam
323 1135 404 1204 illam
425 1138 559 1226 fingitur
590 1139 752 1208 meruisse.
794 1140 861 1236 l'er
882 1160 959 1218 eos,
992 1136 1045 1226 qui
1067 1159 1178 1202 saxum

65 1213 187 1300 volvunt,
218 1232 257 1289 ut
278 1219 451 1310 Sisyphus,
485 1223 637 1292 ambitu-m
661 1224 726 1292 vult
749 1235 781 1292 et
810 1223 968 1314 repulsam
995 1222 1218 1310 significarim

66 1302 122 1384 quia
140 1327 267 1395 semper
286 1307 402 1397 repulsi
423 1309 612 1396 repetitores
639 1311 767 1377 ambire.
791 1330 854 1376 non
886 1309 1062 1376 desinunts-
1086 1307 1181 1374 Unde
1290 1338 1295 1354 ¹

69 1386 256 1479 etSisyphus
286 1414 345 1479 per
371 1392 568 1462 latrocinium
598 1419 732 1484 poenum
754 1395 836 1468 illam
857 1395 1028 1462 incurrisse
1048 1416 1112 1460 non
1132 1394 1179 1458 in·-

69 1488 187 1559 wugrue
209 1477 276 1544 dici
297 1477 429 1546 videtur.
472 1479 630 1550 Lacones
659 1483 760 1563 enim,
789 1481 865 1548 licet
883 1503 982 1569 scepc
1003 1479 1180 1567 pericliten-

70 1561 121 1638 tur,
149 1563 189 1630 ab
212 1564 380 1651 iniquitate
413 1575 518 1633 tamen
548 1589 613 1632 uon
639 1566 802 1636 desistunt.
860 1566 928 1633 ,Per
955 1589 1030 1645 eos,
1068 1563 1179 1654 quiin

67 1653 132 1724 rota,
155 1661 195 1718 ,ut
215 1648 331 1728 Ixion,
362 1660 523 1729 rotantur,
555 1653 774 1739 negotiatores
794 1651 950 1731 ostendit,
1004 1653 1033 1717 ui
1054 1665 1222 1738 semperne
1265 1685 1268 1692 .

67 1733 288 1826 tranctatibus
319 1735 560 1824 turbinibusque
589 1737 762 1810 solvuntur.
817 1737 912 1806 Unde
940 1675 1099 1815 etlxion,
1128 1737 1181 1823 qui
1293 1735 1295 1744 ’

64 1818 196 1960 posmodi
219 1841 361 1910 poenam
381 1821 511 1901 meruit,
549 1844 669 1910 regno,
706 1837 741 1897 ut
762 1822 914 1904 diximus,
947 1823 1035 1911 prius
1056 1823 1183 1903 ditatus,
1280 1833 1282 1842 “

81 1898 159 1972 einde
182 1903 355 1996 expulsus,
387 1917 420 1974 et
440 1929 499 1996 pro
521 1905 626 1994 gloria
670 1911 744 1978 riori
765 1909 968 1997 ignominiam
990 1931 1102 1998 pessus
1124 1918 1202 1986 est„
1267 1969 1273 1976 .

79 2041 81 2056 .
126 1993 157 2058 6.
201 1993 259 2058 De
292 1991 341 2058 his
378 2002 483 2059 tamen
513 1994 695 2064 Macrobius
727 1994 886 2084 aliquanto
923 1993 1077 2065 dissentit.
1131 1993 1185 2076 tit
1290 2059 1292 2066 ,

59 2070 126 2138 euim
141 2076 237 2164 juxta
261 2073 417 2164 quosdam
445 2077 668 2168 philosophos,
697 2081 855 2151 ‘vulturem
882 2077 977 2166 jecur
1007 2077 1226 2148 immortalem

58 2157 229 2232 tondentem
254 2185 376 2252 pravae
399 2165 613 2244 conscientiae
633 2187 706 2232 sese
727 2167 845 2252 'ugiter
865 2164 1185 2250 damnantis-signiti-
1233 2223 1236 2228 .
1268 2184 1276 2199 ‘

56 2263 118 2342 ⁰310
139 2260 305 2316 tormenta
327 2248 402 2334 lege
419 2245 501 2330 hac,
537 2272 601 2339 qua
622 2274 659 2318 se
673 2189 785 2342 judice
815 2271 909 2321 nemo
932 2271 1050 2316 nocens
1081 2245 1185 2315 absol-

57 2339 141 2414 ΨΜ,
177 2359 243 2402 nec
269 2334 321 2400 de¹
341 2356 378 2400 se
394 2357 490 2418 suam
505 2347 620 2487 potest
640 2337 739 2407 vitare
766 2334 964 2406 sententiam.
1003 2337 1081 2416 att,
1118 2333 1186 2402 illos

52 2415 137 2486 radiis
157 2433 309 2491 rotarum
331 2417 473 2506 pendere
528 2421 684 2506 istrictos,
728 2420 882 2512 nutanti
913 2418 1041 2486 consilio
1064 2419 1187 2507 praeui-

54 2495 174 2586 dentes,
206 2505 289 2572 nihil
310 2505 432 2572 ratione
454 2507 672 2592 moderantes,
701 2508 776 2576 nihil
793 2506 959 2576 virtutibus
981 2505 1228 2595 explicationes
1294 2493 1300 2526 ⁸

50 2601 251 2686 sectantes
278 2612 353 2656 suos
375 2614 484 2660 omnes
508 2593 654 2662 fortunae
676 2595 875 2698 permittunt,
910 2591 1100 2681 casibusque
1122 2593 1187 2658 lor-

50 2673 126 2740 turtis
147 2698 287 2767 semper
306 2687 460 2744 rotantur.
502 2679 631 2747 ‘Sarum
654 2680 733 2749 droit
760 2681 875 2766 ingens
896 2677 1019 2744 volsere
1044 2677 1187 2745 ineffica-

47 2757 129 2828 cibus
156 2762 401 2851 laboriosisque
429 2764 594 2841 conahbus
630 2764 725 2838 vitam
757 2777 906 2833 terentes.
973 2763 1061 2831 Dicit
1083 2763 1187 2845 ¹etiam

47 2855 144 2914 atrum
176 2851 307 2918 silicem
340 2870 466 2936 semper
497 2848 658 2936 lapsurum
691 2862 725 2916 et
751 2849 878 2918 cadenti
908 2845 1038 2916 similem
1066 2848 1188 2915 illorum
1296 2877 1303 2896 ·

45 2931 201 3019 capitibus
224 2931 412 3010 imminere,
432 2933 633 3040 qui'semper
652 2934 825 3038 dignitates
847 2947 879 3004 et
901 2935 1016 3004 arduas
1037 2935 1232 3002 allectautao
1271 2963 1280 3009 ·.

43 3031 219 3112 potestates
244 3042 421 3107 numquam
451 3019 520 3088 sine
543 3021 658 3092 timore
673 3023 808 3104 ,vntum
846 3018 901 3110 qui
927 3031 1082 3106 cogentes
1113 3019 1189 3086 sub·
1313 3077 1314 3080 ,

37 3113 156 3186 jectum
179 3104 305 3194 vulgus
326 3103 433 3172 odisse
454 3128 490 3172 se
516 3104 597 3172 dum
615 3108 778 3189 metumrt,
799 3127 931 3198 semper
959 3105 1018 3171 sibi
1046 3103 1191 3172 videntur
1298 3117 1301 3127 ’

41 3189 179 3275 exitium,
211 3188 309 3281 quod
331 3201 511 3272 merentur,
532 3191 692 3280 reincipere.v
735 3194 820 3262 Nam
839 3192 883 3258 de
903 3189 1105 3271 Acheronte,
1123 3192 1189 3258 Go-

43 3285 113 3362 cyto
134 3291 170 3346 et
192 3279 260 3367 Sty
290 3295 403 3344 ecum
423 3276 675 3347 Lucretiosatis
695 3277 781 3349 idem
804 3277 910 3364 sentit
1025 3349 1027 3354 ,
1062 3354 1064 3360 ¹

118 3365 152 3432 7.
196 3363 273 3434 Les
317 3383 391 3429 eum
419 3385 495 3430 vero
519 3364 666 3446 flurium,
709 3365 764 3455 qui
797 3362 941 3444 oblivio,
978 3369 1013 3428 nt
1043 3351 1233 3439 dirimente

41 3440 296 3552 interpretatur,
327 3443 402 3516 nibil
422 3447 510 3529 alind
531 3448 729 3535 diciiunuit,
764 3471 861 3540 qnam
886 3465 1029 3516 errorem
1057 3446 1192 3546 animae,

38 3529 264 3608 obliviscentis
287 3531 485 3623 majestatem
505 3536 620 3624 prioris
640 3538 739 3612 vitae,
778 3551 876 3624 quam
895 3529 1071 3602 secundum
1087 3531 1192 3619 phile-

37 3618 156 3715 pophos
181 3631 367 3722 antequam
385 3619 419 3688 in
441 3642 559 3709 corpus
579 3621 780 3700 truderetur,
808 3623 909 3710 potita
934 3627 1001 3698 est,
1029 3626 1062 3684 et
1086 3627 1217 3718 temen

36 3721 243 3797 incorpore
266 3717 361 3776 vitem
381 3727 453 3772 esse
472 3707 621 3795 putantis
671 3708 733 3778 Alii
759 3719 865 3782 temen
894 3721 1033 3790 magnae
1054 3712 1192 3778 aucton-

37 3791 103 3858 tatis
134 3805 173 3862 et
199 3791 382 3860 memoriae
402 3789 476 3872 siri,
502 3793 557 3882 qui
577 3791 620 3858 de
641 3791 788 3864 hethaeo
808 3793 924 3868 llario,
942 3799 1050 3857 utrum
1070 3785 1114 3854 de
1132 3787 1235 3858 illisas

30 3869 76 3943 IX
99 3877 248 3950 circulis
271 3877 389 3944 inferos
411 3877 679 3947 circumeuntibus
702 3891 807 3958 esset,
828 3877 1079 3965 disputaverunt,
1096 3885 1130 3940 et
1151 3873 1193 3940 dh

27 3959 84 4030 illis
108 3989 194 4033 eam
220 3973 497 4051 segregaverunt,
531 3964 713 4046 Lethaeum
737 3963 908 4048 imaginem
928 3958 1101 4048 senectutis
1115 3982 1195 4042 esse

27 4049 151 4120 solunt.
217 4045 310 4115 Nem
340 4049 480 4128 animae,
519 4047 682 4138 inquiam,
714 4059 843 4130 nostras
872 4047 984 4134 rigent
1010 4055 1042 4111 et
1071 4039 1197 4114 alacres

24 4149 102 4204 sunt
146 4146 188 4204 et
224 4130 344 4223 plenae
372 4127 525 4202 memorie
541 4159 577 4210 ,a
604 4135 742 4223 pueritia
776 4155 876 4220 usque
904 4130 947 4199 ad
970 4128 1123 4232 sinentem
1143 4154 1195 4197 sa-

25 4232 221 4294 nectutem·
279 4219 399 4290 Postea
429 4221 566 4288 versun
593 4220 686 4291 nimia
713 4229 880 4302 senectute
901 4221 1010 4285 'omnus
1041 4218 1234 4300 memoriam

19 4297 174 4390 labiturss
207 4321 281 4393 qua
301 4304 410 4397 lapse,
432 4306 722 4378 tnorsiutersenit.
771 4305 867 4394 Ergo
895 4302 1013 4395 tianius
1029 4299 1192 4370 Lethaeus

786 4417 831 4483 tu
