2716 4794
289 147 291 155 '
360 177 622 290 umagen.
678 177 925 256 rra-rca
1047 133 1049 137 ’
1137 183 1216 258 aaa

89 366 332 458 pulcherrimum
365 370 398 430 et
424 357 632 430 mansuetum.
675 365 778 438 Quem
803 387 898 452 quum
921 365 1086 454 diligeret,
1117 367 1217 439 lassus

80 477 229 522 somnum
257 455 316 518 sah
345 452 461 515 arbore
489 472 631 536 carpere·
651 451 765 539 coepit.
809 452 922 528 Subito
953 453 1108 530 excitatus
1137 467 1217 522 stre-

77 541 170 628 pitu,
201 559 329 604 cerrum
358 535 454 620 longe
483 535 574 614 vidit3
608 543 702 621 quenl
734 532 867 602 credens
900 536 1088 620 silvestrem,
1121 541 1217 608 missa

74 627 201 712 sagitta
226 644 299 688 eum
321 620 496 698 interemit,
527 619 701 707 agnitoque
727 621 764 685 in
788 631 908 688 tantum
930 624 1090 706 extabuit,
1118 637 1155 692 ut
1174 615 1217 691 ab

73 707 165 776 omni
187 706 261 774 cibo
283 717 317 774 et
335 717 413 807 potu
434 705 615 771 abstineret.
658 705 732 779 Quo
748 707 954 786 tabescente,
975 709 1084 799 Apollo
1106 710 1241 778 miser-5

72 809 130 864 tus
153 793 243 884 ejus,
271 802 364 862 vernt
384 813 457 858 eum
477 791 510 856 in
531 791 679 857 arborem
699 789 749 858 sui
770 791 901 856 nominis
923 795 1120 880 cupressum.

392 957 488 1077 178.ι
507 929 705 1035 Ι’11181ξί1]
737 960 904 1036 fabula.

96 1149 103 1159 ,
165 1089 330 1171 Silvanus,
357 1086 436 1154 deus
458 1088 620 1169 siluarum,
652 1086 809 1160 adamavit
831 1111 979 1178 puerum,
1010 1089 1215 1178 Cyparissum
1320 1119 1324 1138 ⁴

78 1178 224 1256 nomine,
252 1176 305 1262 qui
335 1175 475 1269 habebat
501 1173 783 1242 mansuetissimam
812 1197 947 1240 cervam.
998 1173 1093 1241 [lanc
1119 1196 1217 1264 quum
1281 1211 1284 1228 ·
1339 1238 1340 1242 ,

84 1265 226 1330 Silvanus
250 1261 373 1327 nescius
395 1257 581 1340 occidisset,
611 1281 692 1349 puer
714 1271 763 1326 est
785 1261 939 1327 extinctus
962 1255 1089 1340 dolore;
1121 1281 1260 1348 quemlc

1 1361 2 1365 ’
86 1360 205 1416 amatur
226 1343 307 1412 deus
327 1347 358 1410 in
381 1365 586 1434 cupressum
615 1346 760 1411 arborem
783 1345 915 1412 nominis
938 1345 1024 1436 ejus,
1052 1349 1218 1430 convertit,
1317 1353 1326 1362 ‘

87 1456 179 1522 quam
198 1432 295 1502 etiam
316 1453 374 1520 pro
395 1429 507 1498 solatio
530 1427 658 1498 extincti
679 1441 808 1520 portare
830 1430 954 1500 dicitur.
989 1437 991 1451 ²

366 1565 372 1575 “
427 1589 540 1684 179.
600 1596 858 1694 Priapus.
909 1663 911 1670 ,

165 1723 305 1814 Priapus
332 1743 429 1812 quum
455 1719 566 1790 Leton
593 1722 773 1813 Nympham
804 1735 940 1801 amatam
964 1733 1220 1814 persequeretur,

81 1811 131 1878 illa
162 1809 297 1877 deorum
325 1806 527 1878 miseratione
542 1808 585 1877 ‘in
599 1811 754 1901 arborem
785 1831 876 1878 uersa
907 1820 976 1892 cst,
1011 1834 1094 1899 quae
1122 1808 1261 1899 vulgara

80 1893 174 1983 (aba
195 1895 345 1985 Syriaca
368 1892 494 1961 dicitur.
658 1895 659 1906 ’
1189 1949 1191 1956 ,

291 2059 385 2138 180.
438 2060 720 2163 Alciope'et
751 2063 1012 2138 Narcissus.

156 2190 298 2280 ‘Alciope
317 2191 529 2282 Nympha'err
547 2213 641 2268 amne
661 2192 802 2294 Cephiso
823 2186 1009 2258 Narcissum
1031 2163 1219 2340 procreavil,

83 2277 136 2346 cui
166 2279 311 2344 'l‘iresias
339 2279 444 2346 omnia
461 2298 624 2365 prospera
652 2275 806 2365 pclbcitus
836 2291 901 2353 est,
936 2277 962 2342 si
994 2298 1036 2363 pu
1050 2275 1220 2342 chritudini
1262 2299 1277 2323 ·=

82 2373 206 2432 tantum
235 2385 313 2431 suae
340 2386 403 2430 non
431 2362 514 2429 adeo
542 2360 726 2440 confideret.
769 2357 866 2428 Hu'nc
894 2360 992 2446 igitur
1012 2361 1124 2439 Echo,
1158 2361 1263 2430 filiaao

81 2449 236 2528 Junonis,
266 2471 363 2536 quum
392 2446 559 2535 diligeret,
586 2460 619 2517 ct
637 2448 685 2514 sui
713 2444 852 2536 potiendi
874 2446 954 2512 riam
976 2467 1039 2514 uon
1059 2446 1223 2527 inveniret,

83 2555 197 2604 amore
205 2533 342 2636 juvenis,
364 2557 458 2622 quem
469 2536 617 2602 extremis
632 2535 760 2606 vocibus
771 2533 945 2619 ibgientem
960 2533 1236 2619 persequebatur,

83 2623 240 2687 extaburt.
284 2619 383 2708 Cujus
397 2621 428 2684 in
444 2617 580 2706 lapidem
597 2641 708 2686 versae
732 2631 765 2686 et
784 2619 815 2684 in
837 2617 996 2684 montibus
1016 2617 1222 2684 absonnditae

80 2729 146 2772 uox
179 2716 300 2778 tanturn
331 2703 466 2770 auditur.
509 2703 548 2768 Id
575 2715 680 2770 tamen
710 2706 739 2769 ei
768 2703 885 2770 accidit
908 2703 1041 2769 Junonis
1063 2703 1222 2782 instinctu,

83 2788 173 2880 quod
194 2789 460 2876 garrulitatesua
483 2811 552 2854 eam
574 2811 671 2875 saepe
690 2800 775 2855 esset
793 2799 934 2868 morata,
961 2812 1003 2854 ne
1028 2788 1158 2870 Jovem,
1189 2789 1264 2856 iura

57 2876 245 2944 montibus
263 2874 428 2962 Nymphas
471 2886 708 2958 ersequentem,
740 2871 988 2972 deprehendere
1010 2885 1127 2962 posset
1169 2874 1222 2938 Ob

82 2961 117 3028 id
139 2965 238 3028 etiam
257 2960 357 3025 fertur
378 2957 420 3024 oh
442 2897 674 3024 deformitatem
695 2959 854 3024 montibus
876 2979 947 3023 esse
969 2959 1152 3036 recondita,
1182 2981 1224 3022 ue
1249 2959 1251 2965 ’
1297 2991 1299 3000 κ

82 3045 165 3136 quid
195 3045 263 3128 cius
292 3057 418 3132 praeter
449 3066 559 3110 vocem
589 3042 729 3130 conspici
758 3043 866 3130 possit.
909 3043 1095 3110 Narcissum
1117 3052 1224 3108 autem

83 3131 306 3221 supradictum
335 3131 376 3195 ob
397 3129 523 3196 nimiam
545 3126 782 3232 despectionem
804 3140 836 3194 et
857 3127 1095 3206 crudelitatem,
1127 3149 1221 3213 quam

81 3217 117 3284 in
138 3218 233 3284 Echo
255 3227 458 3295 exercuerat,
479 3215 645 3292 Nemesis,
666 3211 700 3280 id
721 3223 770 3282 est
789 3213 934 3280 Fortuna
951 3214 1043 3281 ultrix
1062 3211 1266 3279 fastidies-eo
1342 3269 1354 3304 ·.

82 3305 182 3384 tium,
202 3303 246 3391 lin
278 3323 419 3367 amorem
439 3300 489 3368 sui
512 3299 678 3388 compulit,
705 3309 825 3365 utnon
846 3299 958 3364 minori
980 3321 1019 3365 ac
1039 3297 1090 3362 illa
1111 3319 1223 3362 exure-

86 3399 177 3454 retur
196 3388 286 3476 ignc.
329 3385 394 3460 Qui
414 3408 511 3474 quum
524 3407 562 3452 ex
585 3385 712 3452 assidua
734 3384 923 3471 fatigatione
944 3381 1115 3452 venationis
1138 3383 1226 3470 juxta

87 3471 467 3562 sontem'procubuisset,
501 3482 533 3539 et
557 3472 704 3538 hauriens
728 3491 861 3558 aquam,
889 3470 1060 3556 imaginem
1083 3469 1130 3533 sui
1151 3491 1224 3558 per-

82 3560 261 3647 spexisset,
283 3557 416 3624 alienam
436 3559 568 3644 putans,
589 3556 761 3637 adamarit,
784 3555 916 3660 ey‘usque
938 3553 1104 3620 desideriis
1123 3555 1168 3618 ita
1189 3564 1224 3620 ut
1303 3613 1307 3623 .

81 3647 149 3712 vita
192 3645 364 3720 rivaretur,
385 3642 551 3728 inmania...
571 3643 621 3708 Fur
645 3641 734 3726 cujus
756 3641 892 3728 requuiis
914 3639 974 3706 flos
996 3638 1113 3718 oritur,
1129 3655 1265 3726 quemss

80 3669 227 3818 Najades
259 3727 445 3816 Nymphae,
477 3749 586 3796 casum
613 3728 872 3822 fratris-flentes,
902 3724 1076 3814 narcissum
1099 3726 1224 3797 nomine

78 3824 339 3884 annotaverunt.
694 3823 696 3828 ’

329 3961 374 4106 's
425 3981 514 4080 181.
568 3949 879 4088 Hyacinthus.

170 4100 375 4196 Hyacinthus
405 4135 486 4201 puer
507 4111 684 4192 adamatus
715 4125 765 4178 est
793 4125 857 4180 tam
886 4110 1039 4178 aBorea
1067 4133 1161 4199 quam
1182 4111 1224 4174 ab
1319 4157 1321 4164 ,

79 4195 241 4286 Apolline.
278 4199 359 4274 etur
379 4221 478 4293 quum
498 4199 602 4286 magis
615 4197 770 4286 apollinis
800 4219 908 4265 amore
929 4195 1115 4278 laetaretur,
1148 4196 1265 4262 dunrno
