2716 4794
85 229 88 236 “
160 247 234 332 us
498 229 700 347 ‚utnon
727 246 779 346 11,
835 243 929 323 rau.
975 219 1030 282 Ἃ
1089 215 1092 220 ’

77 433 79 442 ’
115 425 119 438 ¹
158 430 276 504 inferre
319 429 468 496 Theseus
492 395 597 534 giltam
611 433 754 516 Aegeum
774 441 911 532 patrem,
932 439 1009 498 tunc
1018 427 1174 496 marinum
1185 428 1283 512 deum,

158 517 302 602 rogasit,
335 526 372 580 ut
396 537 432 584 sc
462 513 677 586 ulcisceretur.
721 515 784 599 Qui
814 516 949 602 agitanti
974 537 1087 584 eunus
1118 517 1289 608 Hippolyto,

158 601 286 673 immisit
315 599 451 692 phocam
477 599 509 664 ln
539 599 648 680 litore;
678 623 743 690 qua
775 603 846 692 equi
872 601 972 691 territi
1001 625 1074 668 euru
1099 623 1196 668 curru
1217 625 1282 691 pro-

154 689 276 790 jectum
315 685 558 774 discerpserunt.
608 683 676 751 Sed
711 685 756 754 Hi
781 688 888 790 polyto
919 687 1106 774 interemto,
1141 688 1285 761 Phaedra

133 772 275 846 samoris
293 770 486 859 impatientia
503 770 620 864 'laqueo
644 770 736 852 vitam
757 709 865 840 inivit.
895 771 1001 840 Diana
1015 784 1131 853 autem,
1147 775 1285 846 castitate

156 856 323 945 Hippolyti
345 870 520 937 commota,
546 858 705 923 revocavit
722 879 794 928 cum
816 858 847 923 in
859 858 962 946 'vitam
982 879 1041 949 per
1059 859 1285 950 Aesculapium,

156 943 253 1016 lilium
274 942 421 1040 Apollinis
444 955 476 1016 et
497 941 688 1022 Coronidis,
718 942 802 1014 filiae
823 942 904 1028 Phle
931 967 1007 1042 yae,
1029 955 1136 1013 natum
1159 959 1284 1015 exsecto

157 1028 266 1095 matris
294 1039 419 1102 ventre:
456 1028 563 1112 Quum
592 1039 699 1094 autern
719 1027 829 1117 Apollo
852 1053 891 1096 au
917 1031 993 1103 isset
1014 1051 1168 1111 acurio,
1197 1053 1287 1119 quern

123 1161 126 1164 -
159 1112 311 1179 Coronidi
334 1112 675 1194 adhihuitcustodem,
698 1136 861 1181 eam'cum
884 1115 976 1205 Lyco
996 1113 1183 1184 adulterium
1204 1139 1286 1182 corn„

118 1215 151 1272 to
160 1200 297 1280 misisse,
318 1200 417 1265 iratus
429 1199 633 1283 Coronidem,
654 1203 778 1265 maturo
791 1200 855 1289 jam
873 1213 977 1288 partu,
1000 1201 1287 1289 confixit‘sagittis3

78 1327 82 1336 ι
148 1295 286 1350 'crurum
309 1307 399 1364 vero,
430 1301 604 1372 pennarum
627 1285 768 1350 candore
787 1287 978 1372 plumatum,
1009 1287 1136 1374 nigrum
1158 1310 1197 1354 cx
1219 1287 1287 1354 albo

158 1373 249 1452 lecit,
279 1383 312 1438 et
340 1371 371 1435 ln
400 1394 491 1436 suam
518 1370 647 1442 tutelam
670 1371 808 1459 recepit,
842 1385 1035 1460 exsectoqua
1056 1384 1165 1440 ventre
1187 1373 1288 1439 Coro·

157 1458 254 1537 nidis,
277 1455 426 1546 produxit
448 1454 689 1544 Aesculapium,
712 1457 765 1544 qui
782 1455 950 1526 lactuscst
966 1451 1142 1524 medicinae
1162 1459 1288 1546 peritus.

67 1601 70 1606 .
157 1543 320 1632 Phlegyas
349 1555 471 1622 autem,
501 1554 592 1629 pater
619 1542 807 1622 Coronidis,
834 1541 1063 1612 dolens-filiam
1086 1544 1127 1610 ab
1148 1544 1287 1632 Apolline

39 1630 61 1697 ἦ
118 1629 315 1707 insitiatam,
340 1628 415 1716 ‘ejus
445 1627 594 1717 templum
617 1625 703 1716 apud
722 1626 864 1716 Delphos
884 1627 1033 1699 incendit.
1075 1627 1173 1698 Unde
1191 1630 1289 1700 iratus

133 1713 264 1800 ..Apollo
302 1713 480 1802 Cyclopas,
516 1713 725 1788 labricatores
764 1713 945 1796 fulminum,
992 1715 1122 1782 confixit
1154 1715 1287 1802 sagittis.

155 1803 209 1864 (lh
229 1817 323 1887 quam
345 1822 410 1866 rem
433 1799 595 1864 mortalem
616 1797 745 1867 indutus
771 1797 933 1884 formam,
957 1823 977 1868 a
1004 1800 1088 1870 Jore
1109 1798 1219 1888 jussus
1242 1812 1288 1870 est

155 1883 281 1952 Admeti
303 1885 388 1970 ragis
411 1905 523 1950 novem
545 1884 634 1950 anuis
656 1885 743 1978 circa
763 1883 992 1974 Amphrysum,
1018 1883 1206 1952 Thessaliae
1228 1888 1287 1952 llu-

156 1971 254 2048 uium,
275 1991 409 2058 pascere
431 1980 589 2048 armenta,
610 1967 777 2062 divinitate,
793 1969 948 2058 deposita.
992 1969 1186 2044 sedulam
1208 1972 1286 2060 Hip-

111 2076 146 2130 χι)
158 2055 313 2144 polytunr,
329 2050 331 2061 ’
345 2067 527 2142 [evocatum
550 2057 590 2120 ab
611 2054 735 2135 inieris,
764 2057 795 2124 in
816 2056 919 2122 Aricia
939 2055 1113 2146 Nymphae
1127 2079 1285 2124 commen..

156 2143 239 2208 elausit
268 2141 427 2228 Egeriae,
459 2153 492 2208 ct
521 2163 595 2207 eum
617 2141 776 2221 Virbium,
799 2141 888 2229 quasi
909 2139 961 2206 bis
982 2142 1097 2206 virum
1113 2141 1211 2230 jussit
1231 2167 1284 2209 vo,

154 2229 228 2292 cari.
273 2228 400 2292 Revera
426 2239 531 2296 autern
560 2225 688 2293 Virbius
717 2239 766 2294 est
792 2249 906 2292 numen
928 2225 1129 2315 conjunctum
1152 2227 1287 2309 Dianae,

46 2321 48 2341 ¹
153 2326 188 2380 ut
211 2314 303 2378 matri
324 2311 417 2379 desim
433 2313 525 2392 Ans,
555 2311 716 2378 Minervae
740 2311 984 2390 Erichthonius,
1017 2309 1134 2390 Veneri
1156 2313 1286 2387 Adonis,

153 2401 284 2464 ilalient
306 2420 442 2485 naanue
464 2396 587 2486 singula
610 2399 736 2464 numina
749 2394 915 2470 inferiores
932 2407 1105 2486 potestates
1117 2398 1286 2466 ministras.

111 2484 324 2558 'saliariantur
351 2499 455 2552 autem
490 2505 512 2548 a
540 2483 642 2582 poetis
672 2481 806 2548 fabulae.
849 2483 933 2552 Nam
958 2481 1107 2568 Virgilius
1128 2485 1285 2572 perbibet,

152 2568 360 2656 [hippolytum
394 2570 434 2632 ab
463 2568 571 2636 inferis
603 2589 675 2633 esse
706 2579 900 2635 revocatum.
967 2568 1121 2634 Horatius
1157 2584 1287 2646 contra;

152 2653 276 2739 Nepos
304 2655 395 2717 enim
425 2651 550 2716 Diana
572 2652 740 2738 pudicum
762 2651 890 2723 liberat
911 2652 1046 2740 Hippot
1070 2663 1156 2722 tum.
1201 2653 1290 2725 Nam

151 2737 343 2828 Hippolytus
368 2736 442 2802 licet
462 2735 641 2822 discerptus
662 2737 695 2802 in
716 2737 810 2806 vitam
833 2735 1008 2812 secundum
1036 2675 1159 2818 lbbulas
1181 2741 1288 2820 redies

152 2825 208 2905 rit,
229 2817 467 2910 rasennam
490 2821 703 2904 conditionem
726 2823 862 2904 eradere
882 2846 946 2903 nnn
966 2823 1080 2926 potuit

108 3074 169 3127 uu
415 3104 416 3112 η
513 3043 607 3120 129.
663 3005 927 3143 Oenopion.
1188 3103 1189 3110 ,

123 3164 125 3172 ’
166 3165 167 3174 ’
235 3171 424 3260 Oenopion,
465 3173 519 3270 qui
551 3185 583 3250 et
614 3172 771 3258 Pelasgus
801 3167 932 3246 dicitur,
963 3190 1020 3246 rex
1047 3160 1145 3266 quum
1168 3163 1293 3234 llberos

130 3280 213 3322 nnn
235 3257 386 3340 haberet,
417 3283 436 3326 a
455 3259 551 3339 Jove,
582 3258 762 3337 Mercurio,
791 3254 941 3342 Neptuno
964 3263 1022 3348 ise,
1045 3277 1125 3404 ‹puos
1147 3251 1294 3342 hospitio

150 3359 349 3430 susceperat,
387 3345 603 3424 hortantibus,
638 3358 674 3424 pt
704 3344 744 3408 ah
767 3339 814 3414 his
837 3341 940 3428 aliqua
983 3348 1154 3418 estuaret,
1186 3339 1295 3427 petiit,

152 3441 185 3500 ut
221 3433 280 3509 sihi
321 3431 536 3500 coricederent
571 3430 638 3495 siue
676 3427 818 3516 conjuge
841 3425 965 3492 liberos.
1021 3424 1084 3507 llli,
1121 3425 1298 3492 intra‘co·

108 3513 233 3589 surium
277 3517 427 3588 immolati
471 3517 529 3582 sibi
564 3516 652 3580 bovis
683 3515 776 3600 urina
805 3512 905 3590 sacta,
952 3513 1201 3600 praeceperunt,
1258 3519 1298 3576 ut

150 3603 298 3668 oiuutum
341 3615 445 3680 terra,
468 3600 653 3690 ¹completis
692 3599 841 3665 maternis
878 3597 1056 3677 mensibus,
1102 3595 1298 3663 solveretur.

4 3711 6 3718 ’
95 3685 223 3760 *Quo
251 3688 353 3767 facio,
392 3691 536 3764 inventus
570 3697 619 3750 est
649 3707 743 3774 puer,
765 3684 831 3748 -cui
864 3704 980 3756 nomen
1015 3683 1057 3753 ab
1078 3683 1197 3757 uriua'
1227 3681 1299 3753 ‘lma

149 3773 287 3860 positum
324 3785 389 3852 est,
440 3786 476 3839 ut
511 3771 645 3844 Orion·
675 3771 844 3836 diceretur.
906 3769 970 3843 Qui
1008 3779 1120 3856 postea
1155 3781 1303 3840 venator

151 3859 272 3938 i'nctuS,
295 3857 378 3938 dum·
393 3857 483 3925 vellet
507 3881 579 3923 curn
601 3857 705 3923 Diana
727 3855 955 3934 concumbere,
979 3866 1014 3920 ut
1026 3852 1180 3923 Horatius
1199 3852 1303 3932 dicit,

109 3945 365 4032 -todius'sagittis
389 3945 514 4022 occisus
533 3956 597 4026 est;
620 3942 844 4020 athomum,
865 3939 1004 4012 immisso
1024 3939 1150 4015 Terrae
1171 3932 1307 4013 auxilio

151 4031 320 4116 speupione
345 4029 446 4116 periit.
486 4031 616 4106 ‘Quem
654 4027 802 4118 ,luppiter
842 4025 874 4099 ln
920 4024 1040 4090 caelum
1080 4025 1308 4107 transferens,

16 4175 18 4182 .
125 4171 127 4181 .
151 4117 276 4200 signium
300 4119 457 4186 turriesurn
478 4114 719 4204 tempestatibus
743 4112 826 4189 lecit.
871 4109 1027 4186 Similiter
1041 4120 1073 4175 et
1094 4110 1197 4184 Diana
1221 4111 1308 4179 vln-

115 4258 130 4268 ,,
152 4204 253 4264 <liram
276 4203 416 4267 suumin
440 4199 561 4276 caelum
583 4198 747 4274 transtulit,
790 4197 857 4274 Sed
879 4195 1093 4270 verisimilius
1116 4206 1173 4269 est,
1197 4197 1312 4281 quod

151 4313 169 4351 a
191 4285 359 4370 scorpione
380 4286 565 4354 interemtus
591 4309 662 4352 esse
684 4284 818 4366 dicitur,
848 4306 911 4372 quc
934 4280 1063 4350 oriente
1076 4279 1200 4350 occidit.

1250 4485 1258 4515 h
