2716 4794
140 113 246 257 'aare
451 163 635 264 mpssogf.
671 165 724 237 11.
779 160 1011 240 oe-ans.

136 373 141 390 .
165 347 331 434 prwlmat,
360 345 458 420 luisse
482 331 792 434 suum'moasusra,
820 348 1053 441 Triptolemum
1075 339 1281 492 inpidiisperi-

166 457 257 515 mere
284 446 418 504 wantos
446 447 505 505 est.
547 439 588 504 dt
614 435 686 516 ille,
717 435 858 524 perioulo
880 436 1031 526 eoguito,
1056 440 1207 516 susntog
1236 423 1281 490 ds

165 521 290 611 Lycum
313 522 457 609 persequi
479 522 594 611 eoepit.
628 520 749 610 laycus,
771 521 803 588 in
825 521 925 592 lerum
947 519 997 590 sni
1017 515 1151 586 namuh
1176 533 1282 594 renus,

165 627 289 676 reorum
308 627 439 678 suornm
460 605 568 674 colore
588 602 755 676 distinctas
778 615 837 676 est
969 611 973 616 '

139 807 159 860 ὀ
497 788 567 898 99.
622 790 833 898 Cepheus
870 819 961 870 rex.

150 905 160 928 ι
246 903 423 1013 Postquam
444 923 660 1014 Triptolemus
687 921 819 993 damam
838 919 950 1001 rediit,
970 915 1124 1006 Cepheus
1144 932 1199 982 rer
1220 929 1283 1013 epm
1341 921 1344 953 1

164 1017 328 1096 uunquam
358 1007 500 1079 aemulas
524 1010 706 1087 interfluere
734 1019 868 1077 eunoun
897 1018 956 1074 est.
999 1001 1068 1073 Sed
1096 1023 1134 1066 re
1155 1007 1283 1099 eopnrta,
1342 1001 1344 1092 l

160 1079 252 1182 iussu
280 1095 411 1164 Cereris
439 1095 639 1183 Triptolemo
660 1115 798 1200 regnum
829 1089 977 1171 tradidit,
1007 1089 1116 1192 ihique
1146 1080 1283 1200 ppprqu
1342 1105 1344 1126 ⁴

166 1179 346 1260 constituit,
373 1177 462 1269 quod
490 1203 530 1248 ex
546 1181 645 1272 patris
672 1203 721 1250 sur
743 1177 878 1252 nomine,
892 1173 1078 1280 appellqrrt,
1109 1193 1164 1261 qur
1183 1173 1283 1236 hereri

124 1282 257 1335 nosaera
279 1265 399 1356 primns
420 1264 571 1349 instituit,
601 1289 687 1358 qnae
707 1265 836 1334 Graeee
856 1271 1074 1350 daopopepso
1095 1253 1285 1346 appellantur.

299 1459 304 1474 ⁸
358 1451 453 1530 100.
506 1453 726 1532 larentia
759 1450 1092 1550 Proserpinae.
1196 1531 1200 1540 ,

149 1665 151 1671 k
248 1581 351 1649 Ceres
373 1603 471 1671 quum
493 1580 737 1671 Proserpinam,
758 1599 780 1647 s
798 1575 938 1646 Plutone
958 1589 1106 1668 raptam,
1127 1573 1181 1644 din
1200 1591 1284 1674 quap-

164 1665 276 1746 suam,
308 1666 437 1734 taudem
465 1665 505 1734 ali
527 1665 634 1733 nanda
664 1689 736 1736 earn
750 1709 753 1718 ·
767 1685 838 1732 esse
867 1659 953 1752 apud
981 1659 1105 1732 inferos
1135 1665 1284 1749 eomperrt

153 1749 232 1816 ‘Pro
253 1771 316 1838 qua
338 1773 375 1819 re
394 1773 492 1841 quum
506 1690 600 1820 loris
626 1752 826 1842 implorasset
853 1747 1019 1838 aumlinm,
1049 1748 1104 1817 ille
1126 1742 1285 1838 respondit,

124 1855 238 1910 usam
258 1859 354 1926 posse
373 1838 506 1916 reverti,
527 1839 554 1904 si
575 1837 649 1903 aihil
669 1837 757 1928 apud
776 1835 896 1904 interos
916 1845 1091 1922 gustasset
1122 1833 1285 1902 liuentem

19 1937 22 1944 ⁴
119 1971 126 1985 ,
159 1919 228 2012 jam
255 1921 362 2010 punici
390 1921 462 1990 mair
492 1921 526 1988 in
555 1921 666 2012 Elysio
699 1945 804 2012 gruum
864 1931 1032 1988 ustarerat
1088 1919 1196 1996 Quam
1226 1936 1284 1983 rem

162 2005 374 2097 Ascalaphus,
396 2006 508 2098 Stygis
528 2007 627 2088 lilius,
651 2007 799 2098 prodidit
875 2004 938 2073 ade
959 2006 1158 2095 Proserpina
1183 2001 1221 2070 ad
1239 2021 1283 2066 su-

122 2179 127 2184 ·
161 2109 538 2248 limittit
553 2095 686 2248 tii,
708 2093 879 2247 iiiii
892 2089 1287 2266 itttli‘ieita

30 2333 33 2341 ,
121 2280 157 2330 no
197 2263 294 2346 citur,
327 2267 361 2331 u't
391 2262 511 2333 Proser
534 2265 586 2333 ina
614 2267 659 2335 Vl
688 2275 774 2334 esset
804 2285 878 2331 enm
905 2273 1008 2337 matre
1037 2263 1222 2340 mensihus,
1250 2253 1287 2324 lll

21 2398 24 2407 1
162 2342 378 2417 'nummarium
422 2352 497 2428 Quo
539 2350 614 2418 ideo
638 2351 788 2440 fingitur,
823 2347 898 2438 qnia
925 2347 1127 2437 Proserpina
1158 2347 1225 2436 ipsa
1249 2349 1289 2408 est
1339 2356 1343 2422 l

122 2436 138 2464 *⁹
167 2437 245 2502 'uae
266 2446 301 2501 et
318 2433 410 2520 luna,
441 2458 525 2526 quae
553 2445 622 2506 toto
641 2459 725 2503 anno
756 2433 801 2502 v1
823 2431 985 2502 mensibus
1007 2435 1148 2516 crescit,
1179 2431 1222 2502 VI
1241 2427 1288 2494 de
1341 2427 1346 2482 l

160 2455 246 2600 icit,
272 2519 394 2589 scilieet
413 2543 471 2610 per
490 2521 633 2674 aiuqnlos
655 2541 780 2590 meuses
800 2515 968 2609 quindenis
989 2515 1125 2602 diebuss
1157 2529 1194 2590 ¹¹1
1213 2538 1289 2586 ⁰¹0³·
1338 2515 1346 2627 p

161 2625 239 2722 eeus
259 2603 345 2702 apud
366 2627 516 2718 superos,

116 2819 154 2873 aa
387 2773 391 2786 ¹
525 2791 628 2878 llll,¹
677 2793 926 2875 Sirenes.
1338 2776 1346 2855 l

120 2981 153 3008 ...
245 2917 395 3004 eirene,
422 2922 640 3016 Melpomenes
664 2923 779 2996 Musae
809 2936 843 2996 et
870 2921 1003 2994 Acheloi
1033 2920 1183 2992 fluminis
1208 2916 1294 2993 ntae
1342 2916 1346 2956 '¹

157 3025 258 3097 qaum
272 3007 516 3114 Proserpinam,
551 3011 729 3080 aPlntone
750 3023 891 3102 raptam,
920 3008 1139 3100 inquirerent,
1167 3017 1209 3088 et
1229 3022 1294 3070 eam
1342 3013 1343 3033 ³

158 3093 286 3196 minimp
305 3093 514 3179 invenissent,
544 3095 644 3164 ediis
659 3097 833 3166 novissime
862 3097 1093 3186 impetrarunt,
1130 3103 1170 3162 nt
1191 3108 1296 3189 versae

158 3174 373 3262 involucres,
403 3201 467 3248 noa
488 3192 610 3250 tautum
630 3183 663 3250 in
685 3184 799 3266 terris,
827 3180 886 3249 sed
918 3182 1011 3251 etiam
1034 3181 1066 3246 in
1089 3179 1175 3248 mari
1197 3194 1296 3262 requi-

115 3263 250 3355 ensitam
291 3267 444 3358 consequi
477 3280 618 3358 possent.
672 3269 747 3345 Quo
766 3289 959 3349 maressa,
1002 3263 1055 3332 diu
1093 3274 1296 3354 quaerentes,

90 3420 91 3428 ,
156 3349 324 3418 novissime
346 3347 388 3420 ad
452 3361 533 3422 ham
553 3351 675 3436 Martis,
695 3375 779 3444 qnae
800 3353 942 3446 proxime
961 3351 1151 3420 imminebat
1173 3349 1297 3439 pelagos

159 3435 373 3518 devenerunt,
432 3439 526 3528 bique
565 3437 711 3506 hahitare
754 3448 940 3528 eoepernut
998 3436 1062 3504 His
1106 3441 1298 3504 conoessum

156 3543 286 3612 quoque
307 3523 384 3604 luit,
405 3533 442 3592 nt
462 3524 582 3594 tamdiu
604 3536 770 3594 manerent
789 3524 981 3605 incolumes,
1008 3521 1168 3614 quamdin
1191 3537 1299 3587 earum
1344 3521 1346 3626 q

157 3629 218 3702 ror
239 3605 411 3678 audiretur.
453 3610 600 3680 Fuerunt
622 3621 728 3678 antem
764 3623 834 3680 arte
854 3609 1009 3690 volueres,
1031 3617 1125 3696 parte
1147 3605 1300 3694 virgines,

116 3691 259 3782 repelles
291 3695 486 3782 galinaoeos
507 3697 670 3766 habentes.
760 3720 851 3764 mum
879 3717 942 3762 nna
973 3715 1073 3770 rone,
1111 3691 1179 3760 alie
1210 3689 1301 3767 tibiis,

158 3778 253 3846 tertia
272 3777 342 3869 lyra
371 3784 516 3850 uanehat.
573 3782 718 3858 Quarum
749 3783 894 3850 nantibus
922 3778 1020 3847 illecti
1049 3789 1175 3846 nautae
1228 3795 1300 3842 uum

158 3861 203 3928 ad
230 3886 309 3932 sana
343 3867 554 3948 aeoedereat,
593 3867 625 3934 in
662 3868 777 3958 quihus
815 3866 886 3954 illae
915 3864 1090 3936 residentes
1124 3887 1215 3931 nane
1240 3871 1303 3937 ant,

133 3960 146 3984 ²
157 3947 243 4026 illisis
264 3949 296 4015 in
312 3952 452 4042 seopulis
473 3955 614 4036 neribus,
637 3952 670 4019 in
692 3954 861 4044 naufragia
882 3949 1098 4029 ducebantur,
1123 3961 1160 4017 et
1183 3951 1227 4016 ab
1247 3946 1302 4012 illis

155 4033 417 4106 oomedehaatnr.
461 4041 532 4110 lius
554 4039 663 4108 Ulixes
684 4036 918 4109 oontemnendo
934 4032 1134 4124 dedoritlad
1152 4043 1306 4102 mertem.

41 4169 45 4174 -
117 4119 242 4196 sollum
264 4141 362 4210 quum
383 4124 449 4195 illas
476 4125 788 4215 praeternavigaret,
818 4123 1148 4192 omrriumseoiorum
1169 4139 1306 4188 merom

151 4229 275 4290 m,
296 4229 338 4281 no
358 4231 414 4280 ees
435 4211 601 4296 audirent,
622 4233 698 4280 nera
719 4214 888 4295 obturans,
909 4231 946 4280 se
963 4203 1126 4298 jussitad
1146 4207 1310 4275 arhusam

562 2605 690 2678 eliciens
710 2602 797 2696 apud
818 2603 939 2673 inferos
961 2602 1121 2716 rideatur.
