<?xml version="1.0" encoding="UTF-8"?>
<!DOCTYPE html PUBLIC "-//W3C//DTD XHTML 1.0 Transitional//EN"
    "http://www.w3.org/TR/xhtml1/DTD/xhtml1-transitional.dtd">
<html xmlns="http://www.w3.org/1999/xhtml" xml:lang="en" lang="en">
 <head>
  <title>
</title>
<meta http-equiv="Content-Type" content="text/html;charset=utf-8" />
  <meta name='ocr-system' content='tesseract 3.04.00' />
  <meta name='ocr-capabilities' content='ocr_page ocr_carea ocr_par ocr_line ocrx_word'/>
</head>
<body>
  <div class='ocr_page' id='page_1' title='image "./scriptoresrerum01bodegoog_0037.png"; bbox 0 0 2786 4800; ppageno 0'>
   <div class='ocr_carea' id='block_1_1' title="bbox 110 179 912 288">
    <p class='ocr_par' dir='ltr' id='par_1_1' title="bbox 110 179 912 288">
     <span class='ocr_line' id='line_1_1' title="bbox 110 179 912 288; baseline -0.009 -26"><span class='ocrx_word' id='word_1_1' title='bbox 110 187 138 262; x_wconf 82' lang='lat'>8</span> <span class='ocrx_word' id='word_1_2' title='bbox 448 181 633 288; x_wconf 56' lang='lat' dir='ltr'><strong>elymum.</strong></span> <span class='ocrx_word' id='word_1_3' title='bbox 659 184 693 259; x_wconf 89' lang='lat'><strong>1.</strong></span> <span class='ocrx_word' id='word_1_4' title='bbox 747 179 817 258; x_wconf 75' lang='lat'><strong>25.</strong></span> <span class='ocrx_word' id='word_1_5' title='bbox 841 179 912 256; x_wconf 71' lang='grc'><strong>24.</strong></span> 
     </span>
    </p>
   </div>
   <div class='ocr_carea' id='block_1_2' title="bbox 33 350 1282 784">
    <p class='ocr_par' dir='ltr' id='par_1_2' title="bbox 33 350 1282 784">
     <span class='ocr_line' id='line_1_2' title="bbox 42 350 1255 466; baseline -0.006 -23"><span class='ocrx_word' id='word_1_6' title='bbox 42 350 55 372; x_wconf 56' lang='grc'><strong>’</strong></span> <span class='ocrx_word' id='word_1_7' title='bbox 112 383 190 442; x_wconf 85' lang='lat' dir='ltr'><strong>acce</strong></span> <span class='ocrx_word' id='word_1_8' title='bbox 211 373 252 454; x_wconf 68' lang='lat' dir='ltr'><strong>tm</strong></span> <span class='ocrx_word' id='word_1_9' title='bbox 283 375 414 442; x_wconf 77' lang='lat' dir='ltr'>Atreum</span> <span class='ocrx_word' id='word_1_10' title='bbox 437 393 531 450; x_wconf 84' lang='lat' dir='ltr'><strong>vere,</strong></span> <span class='ocrx_word' id='word_1_11' title='bbox 562 391 661 462; x_wconf 82' lang='lat' dir='ltr'><strong>quum</strong></span> <span class='ocrx_word' id='word_1_12' title='bbox 673 362 889 466; x_wconf 72' lang='lat' dir='ltr'><strong>adolevisset,</strong></span> <span class='ocrx_word' id='word_1_13' title='bbox 909 365 942 432; x_wconf 83' lang='lat' dir='ltr'><strong>in</strong></span> <span class='ocrx_word' id='word_1_14' title='bbox 964 361 1132 458; x_wconf 59' lang='lat' dir='ltr'><strong>vindictam</strong></span> <span class='ocrx_word' id='word_1_15' title='bbox 1153 367 1255 455; x_wconf 81' lang='lat' dir='ltr'><strong>patris</strong></span> 
     </span>
     <span class='ocr_line' id='line_1_3' title="bbox 112 397 1282 546; baseline -0.005 -20"><span class='ocrx_word' id='word_1_16' title='bbox 112 397 239 527; x_wconf 62' lang='lat' dir='ltr'><strong>sociabit.</strong></span> <span class='ocrx_word' id='word_1_17' title='bbox 282 455 364 526; x_wconf 89' lang='lat' dir='ltr'><strong>Inde</strong></span> <span class='ocrx_word' id='word_1_18' title='bbox 385 473 419 527; x_wconf 91' lang='lat' dir='ltr'><strong>et</strong></span> <span class='ocrx_word' id='word_1_19' title='bbox 439 463 731 546; x_wconf 78' lang='lat' dir='ltr'><strong>Agamemnonem,</strong></span> <span class='ocrx_word' id='word_1_20' title='bbox 759 469 857 539; x_wconf 85' lang='lat' dir='ltr'><strong>quum</strong></span> <span class='ocrx_word' id='word_1_21' title='bbox 885 451 1155 539; x_wconf 77' lang='lat' dir='ltr'><strong>Clytemaestram</strong></span> <span class='ocrx_word' id='word_1_22' title='bbox 1174 475 1255 520; x_wconf 86' lang='lat' dir='ltr'><strong>uxe-</strong></span> <span class='ocrx_word' id='word_1_23' title='bbox 1278 443 1282 471; x_wconf 73' lang='lat'><em>¹</em></span> 
     </span>
     <span class='ocr_line' id='line_1_4' title="bbox 33 535 1254 646; baseline -0.001 -35"><span class='ocrx_word' id='word_1_24' title='bbox 33 629 38 637; x_wconf 46' lang='lat'><strong>.</strong></span> <span class='ocrx_word' id='word_1_25' title='bbox 113 565 180 620; x_wconf 89' lang='lat' dir='ltr'><strong>rem</strong></span> <span class='ocrx_word' id='word_1_26' title='bbox 213 543 280 636; x_wconf 85' lang='lat' dir='ltr'><strong>ejus</strong></span> <span class='ocrx_word' id='word_1_27' title='bbox 311 542 542 622; x_wconf 84' lang='lat' dir='ltr'><strong>adulterasset,</strong></span> <span class='ocrx_word' id='word_1_28' title='bbox 573 535 749 646; x_wconf 73' lang='lat' dir='ltr'><strong>Aegisthus</strong></span> <span class='ocrx_word' id='word_1_29' title='bbox 782 537 964 606; x_wconf 76' lang='lat' dir='ltr'><strong>interfecit·</strong></span> <span class='ocrx_word' id='word_1_30' title='bbox 1005 539 1110 612; x_wconf 80' lang='lat' dir='ltr'><strong>Quem</strong></span> <span class='ocrx_word' id='word_1_31' title='bbox 1141 551 1254 628; x_wconf 82' lang='lat' dir='ltr'><strong>postea</strong></span> 
     </span>
     <span class='ocr_line' id='line_1_5' title="bbox 115 621 1254 782; baseline -0.004 -86"><span class='ocrx_word' id='word_1_32' title='bbox 115 631 268 782; x_wconf 50' lang='lat' dir='ltr'><strong>Oreztem</strong></span> <span class='ocrx_word' id='word_1_33' title='bbox 295 629 376 698; x_wconf 84' lang='lat' dir='ltr'><strong>tilius</strong></span> <span class='ocrx_word' id='word_1_34' title='bbox 405 633 671 718; x_wconf 77' lang='lat' dir='ltr'><strong>Agamemnonis,</strong></span> <span class='ocrx_word' id='word_1_35' title='bbox 699 643 773 690; x_wconf 88' lang='lat' dir='ltr'><strong>cum</strong></span> <span class='ocrx_word' id='word_1_36' title='bbox 804 645 861 706; x_wconf 89' lang='lat' dir='ltr'><strong>ea,</strong></span> <span class='ocrx_word' id='word_1_37' title='bbox 886 645 988 714; x_wconf 76' lang='lat' dir='ltr'><strong>quam</strong></span> <span class='ocrx_word' id='word_1_38' title='bbox 1011 621 1254 705; x_wconf 76' lang='lat' dir='ltr'><strong>adulteraverat,</strong></span> 
     </span>
     <span class='ocr_line' id='line_1_6' title="bbox 59 727 240 784; baseline -0.011 0"><span class='ocrx_word' id='word_1_39' title='bbox 59 735 185 784; x_wconf 49' lang='lat' dir='ltr'><strong>⁴attactu</strong></span> <span class='ocrx_word' id='word_1_40' title='bbox 209 727 240 784; x_wconf 82' lang='lat' dir='ltr'><strong>rt.</strong></span> 
     </span>
    </p>
   </div>
   <div class='ocr_carea' id='block_1_3' title="bbox 389 925 973 1008">
    <p class='ocr_par' dir='ltr' id='par_1_3' title="bbox 389 925 973 1008">
     <span class='ocr_line' id='line_1_7' title="bbox 389 925 973 1008; baseline -0.01 -2"><span class='ocrx_word' id='word_1_41' title='bbox 389 926 459 1006; x_wconf 75' lang='lat'><strong>25.</strong></span> <span class='ocrx_word' id='word_1_42' title='bbox 514 930 715 1008; x_wconf 80' lang='lat' dir='ltr'><strong>Phrixus</strong></span> <span class='ocrx_word' id='word_1_43' title='bbox 746 942 790 1008; x_wconf 88' lang='lat' dir='ltr'><strong>et</strong></span> <span class='ocrx_word' id='word_1_44' title='bbox 822 925 973 1004; x_wconf 82' lang='lat' dir='ltr'><strong>Helle.</strong></span> 
     </span>
    </p>
   </div>
   <div class='ocr_carea' id='block_1_4' title="bbox 82 1035 1257 1235">
    <p class='ocr_par' dir='ltr' id='par_1_4' title="bbox 82 1035 1257 1235">
     <span class='ocr_line' id='line_1_8' title="bbox 199 1035 1257 1141; baseline -0.002 -17"><span class='ocrx_word' id='word_1_45' title='bbox 199 1056 338 1126; x_wconf 76' lang='lat' dir='ltr'><strong>Phrixus</strong></span> <span class='ocrx_word' id='word_1_46' title='bbox 372 1069 405 1127; x_wconf 86' lang='lat' dir='ltr'><strong>et</strong></span> <span class='ocrx_word' id='word_1_47' title='bbox 425 1056 521 1128; x_wconf 84' lang='lat' dir='ltr'><strong>Helle</strong></span> <span class='ocrx_word' id='word_1_48' title='bbox 548 1059 682 1140; x_wconf 79' lang='lat' dir='ltr'><strong>tratres,</strong></span> <span class='ocrx_word' id='word_1_49' title='bbox 709 1035 746 1130; x_wconf 79' lang='lat' dir='ltr'><strong>et¹</strong></span> <span class='ocrx_word' id='word_1_50' title='bbox 770 1057 969 1134; x_wconf 80' lang='lat' dir='ltr'><strong>Athamantis</strong></span> <span class='ocrx_word' id='word_1_51' title='bbox 1003 1039 1092 1141; x_wconf 79' lang='lat' dir='ltr'><strong>regis</strong></span> <span class='ocrx_word' id='word_1_52' title='bbox 1128 1063 1163 1122; x_wconf 90' lang='lat' dir='ltr'><strong>at</strong></span> <span class='ocrx_word' id='word_1_53' title='bbox 1188 1052 1257 1122; x_wconf 86' lang='lat' dir='ltr'><strong>Ne-</strong></span> 
     </span>
     <span class='ocr_line' id='line_1_9' title="bbox 82 1139 1257 1235; baseline -0.003 -23"><span class='ocrx_word' id='word_1_54' title='bbox 82 1161 86 1178; x_wconf 78' lang='lat'><strong>·</strong></span> <span class='ocrx_word' id='word_1_55' title='bbox 108 1139 229 1234; x_wconf 85' lang='lat' dir='ltr'><strong>phalae</strong></span> <span class='ocrx_word' id='word_1_56' title='bbox 257 1144 312 1211; x_wconf 90' lang='lat' dir='ltr'><strong>filii</strong></span> <span class='ocrx_word' id='word_1_57' title='bbox 338 1143 477 1213; x_wconf 79' lang='lat' dir='ltr'><strong>luerunt.</strong></span> <span class='ocrx_word' id='word_1_58' title='bbox 525 1143 572 1212; x_wconf 90' lang='lat' dir='ltr'><strong>Hi</strong></span> <span class='ocrx_word' id='word_1_59' title='bbox 589 1144 711 1213; x_wconf 83' lang='lat' dir='ltr'><strong>insania</strong></span> <span class='ocrx_word' id='word_1_60' title='bbox 732 1145 844 1214; x_wconf 88' lang='lat' dir='ltr'><strong>Liberi</strong></span> <span class='ocrx_word' id='word_1_61' title='bbox 870 1140 985 1235; x_wconf 80' lang='lat' dir='ltr'><strong>abjecti</strong></span> <span class='ocrx_word' id='word_1_62' title='bbox 1007 1161 1105 1228; x_wconf 79' lang='lat' dir='ltr'><strong>quum</strong></span> <span class='ocrx_word' id='word_1_63' title='bbox 1126 1139 1159 1205; x_wconf 91' lang='lat' dir='ltr'><strong>in</strong></span> <span class='ocrx_word' id='word_1_64' title='bbox 1180 1139 1257 1208; x_wconf 83' lang='lat' dir='ltr'><strong>silva</strong></span> 
     </span>
    </p>
   </div>
   <div class='ocr_carea' id='block_1_5' title="bbox 115 1223 1391 1318">
    <p class='ocr_par' dir='ltr' id='par_1_5' title="bbox 115 1223 1391 1318">
     <span class='ocr_line' id='line_1_10' title="bbox 115 1223 1391 1318; baseline -0.002 -23"><span class='ocrx_word' id='word_1_65' title='bbox 115 1223 292 1308; x_wconf 77' lang='lat' dir='ltr'><strong>errarent,&#39;</strong></span> <span class='ocrx_word' id='word_1_66' title='bbox 311 1227 457 1318; x_wconf 77' lang='lat' dir='ltr'><strong>Nephele</strong></span> <span class='ocrx_word' id='word_1_67' title='bbox 494 1242 597 1298; x_wconf 89' lang='lat' dir='ltr'><strong>mater</strong></span> <span class='ocrx_word' id='word_1_68' title='bbox 619 1251 732 1298; x_wconf 90' lang='lat' dir='ltr'><strong>eorum</strong></span> <span class='ocrx_word' id='word_1_69' title='bbox 775 1230 893 1299; x_wconf 88' lang='lat' dir='ltr'><strong>dieitur</strong></span> <span class='ocrx_word' id='word_1_70' title='bbox 931 1226 1073 1304; x_wconf 84' lang='lat' dir='ltr'><strong>venisse,</strong></span> <span class='ocrx_word' id='word_1_71' title='bbox 1113 1236 1146 1293; x_wconf 91' lang='lat' dir='ltr'><strong>et</strong></span> <span class='ocrx_word' id='word_1_72' title='bbox 1174 1225 1257 1292; x_wconf 83' lang='lat' dir='ltr'><strong>arie-</strong></span> <span class='ocrx_word' id='word_1_73' title='bbox 1389 1243 1391 1250; x_wconf 77' lang='grc'>’</span> 
     </span>
    </p>
   </div>
   <div class='ocr_carea' id='block_1_6' title="bbox 74 1313 1300 1498">
    <p class='ocr_par' dir='ltr' id='par_1_6' title="bbox 74 1313 1300 1498">
     <span class='ocr_line' id='line_1_11' title="bbox 74 1313 1259 1405; baseline -0.005 -23"><span class='ocrx_word' id='word_1_74' title='bbox 74 1326 199 1394; x_wconf 79' lang='lat' dir='ltr'><strong>rotem,</strong></span> <span class='ocrx_word' id='word_1_75' title='bbox 224 1315 339 1382; x_wconf 83' lang='lat' dir='ltr'><strong>vellere</strong></span> <span class='ocrx_word' id='word_1_76' title='bbox 370 1337 469 1384; x_wconf 91' lang='lat' dir='ltr'><strong>aureo</strong></span> <span class='ocrx_word' id='word_1_77' title='bbox 501 1317 705 1405; x_wconf 84' lang='lat' dir='ltr'><strong>insignitum,</strong></span> <span class='ocrx_word' id='word_1_78' title='bbox 747 1317 946 1394; x_wconf 77' lang='lat' dir='ltr'><strong>exhibuisse,</strong></span> <span class='ocrx_word' id='word_1_79' title='bbox 977 1313 1010 1379; x_wconf 89' lang='lat' dir='ltr'><strong>in</strong></span> <span class='ocrx_word' id='word_1_80' title='bbox 1041 1333 1136 1400; x_wconf 86' lang='lat' dir='ltr'><strong>quem</strong></span> <span class='ocrx_word' id='word_1_81' title='bbox 1163 1333 1259 1400; x_wconf 78' lang='lat' dir='ltr'><strong>pree-</strong></span> 
     </span>
     <span class='ocr_line' id='line_1_12' title="bbox 114 1396 1300 1498; baseline -0.004 -32"><span class='ocrx_word' id='word_1_82' title='bbox 114 1399 218 1469; x_wconf 86' lang='lat' dir='ltr'><strong>dictos</strong></span> <span class='ocrx_word' id='word_1_83' title='bbox 246 1401 327 1468; x_wconf 89' lang='lat' dir='ltr'><strong>filios</strong></span> <span class='ocrx_word' id='word_1_84' title='bbox 355 1423 431 1470; x_wconf 90' lang='lat' dir='ltr'><strong>suos</strong></span> <span class='ocrx_word' id='word_1_85' title='bbox 447 1401 543 1492; x_wconf 88' lang='lat' dir='ltr'><strong>jussit</strong></span> <span class='ocrx_word' id='word_1_86' title='bbox 571 1400 764 1486; x_wconf 84' lang='lat' dir='ltr'><strong>ascendere,</strong></span> <span class='ocrx_word' id='word_1_87' title='bbox 792 1414 826 1471; x_wconf 93' lang='lat' dir='ltr'><strong>et</strong></span> <span class='ocrx_word' id='word_1_88' title='bbox 849 1403 883 1470; x_wconf 88' lang='lat' dir='ltr'><strong>in</strong></span> <span class='ocrx_word' id='word_1_89' title='bbox 911 1397 1052 1468; x_wconf 78' lang='lat' dir='ltr'><strong>Colchos</strong></span> <span class='ocrx_word' id='word_1_90' title='bbox 1069 1396 1116 1462; x_wconf 86' lang='lat' dir='ltr'><strong>ad</strong></span> <span class='ocrx_word' id='word_1_91' title='bbox 1145 1418 1258 1498; x_wconf 71' lang='lat' dir='ltr'><strong>regem</strong></span> <span class='ocrx_word' id='word_1_92' title='bbox 1296 1407 1300 1426; x_wconf 78' lang='lat'><strong><em>‘</em></strong></span> 
     </span>
    </p>
   </div>
   <div class='ocr_carea' id='block_1_7' title="bbox 114 1481 1383 1584">
    <p class='ocr_par' dir='ltr' id='par_1_7' title="bbox 114 1481 1383 1584">
     <span class='ocr_line' id='line_1_13' title="bbox 114 1481 1383 1584; baseline -0.006 -31"><span class='ocrx_word' id='word_1_93' title='bbox 114 1492 247 1554; x_wconf 86' lang='lat' dir='ltr'><strong>Aeetam</strong></span> <span class='ocrx_word' id='word_1_94' title='bbox 279 1487 430 1570; x_wconf 87' lang='lat' dir='ltr'><strong>transire,</strong></span> <span class='ocrx_word' id='word_1_95' title='bbox 465 1487 574 1578; x_wconf 87' lang='lat' dir='ltr'><strong>ibique</strong></span> <span class='ocrx_word' id='word_1_96' title='bbox 610 1489 743 1558; x_wconf 89' lang='lat' dir='ltr'><strong>arietem</strong></span> <span class='ocrx_word' id='word_1_97' title='bbox 780 1487 953 1555; x_wconf 82' lang='lat' dir='ltr'><strong>immolare</strong></span> <span class='ocrx_word' id='word_1_98' title='bbox 991 1519 1035 1533; x_wconf 90' lang='lat'><strong>-·</strong></span> <span class='ocrx_word' id='word_1_99' title='bbox 1076 1481 1136 1550; x_wconf 88' lang='lat' dir='ltr'><strong>Vel</strong></span> <span class='ocrx_word' id='word_1_100' title='bbox 1158 1482 1259 1549; x_wconf 88' lang='lat' dir='ltr'><strong>ahter.</strong></span> <span class='ocrx_word' id='word_1_101' title='bbox 1300 1557 1312 1584; x_wconf 79' lang='lat'><strong>.</strong></span> <span class='ocrx_word' id='word_1_102' title='bbox 1372 1521 1383 1534; x_wconf 39' lang='grc' dir='ltr'>κ</span> 
     </span>
    </p>
   </div>
   <div class='ocr_carea' id='block_1_8' title="bbox 30 1568 1259 1748">
    <p class='ocr_par' dir='ltr' id='par_1_8' title="bbox 30 1568 1259 1748">
     <span class='ocr_line' id='line_1_14' title="bbox 30 1568 1258 1662; baseline -0.008 -21"><span class='ocrx_word' id='word_1_103' title='bbox 30 1595 32 1604; x_wconf 53' lang='lat'>‘</span> <span class='ocrx_word' id='word_1_104' title='bbox 115 1572 223 1648; x_wconf 83' lang='lat' dir='ltr'><strong>Quum</strong></span> <span class='ocrx_word' id='word_1_105' title='bbox 351 1573 416 1654; x_wconf 90' lang='lat' dir='ltr'><strong>ele,</strong></span> <span class='ocrx_word' id='word_1_106' title='bbox 448 1595 537 1662; x_wconf 85' lang='lat' dir='ltr'><strong>quae</strong></span> <span class='ocrx_word' id='word_1_107' title='bbox 560 1585 598 1643; x_wconf 90' lang='lat' dir='ltr'><strong>et</strong></span> <span class='ocrx_word' id='word_1_108' title='bbox 621 1575 753 1655; x_wconf 85' lang='lat' dir='ltr'><strong>Nubes,</strong></span> <span class='ocrx_word' id='word_1_109' title='bbox 783 1574 906 1652; x_wconf 86' lang='lat' dir='ltr'><strong>insania</strong></span> <span class='ocrx_word' id='word_1_110' title='bbox 926 1568 1160 1658; x_wconf 83' lang='lat' dir='ltr'><strong>Liberipatris</strong></span> <span class='ocrx_word' id='word_1_111' title='bbox 1180 1589 1258 1633; x_wconf 90' lang='lat' dir='ltr'><strong>con-</strong></span> 
     </span>
     <span class='ocr_line' id='line_1_15' title="bbox 114 1651 1259 1748; baseline -0.005 -24"><span class='ocrx_word' id='word_1_112' title='bbox 114 1658 194 1738; x_wconf 90' lang='lat' dir='ltr'><strong>cita,</strong></span> <span class='ocrx_word' id='word_1_113' title='bbox 224 1655 261 1728; x_wconf 85' lang='lat' dir='ltr'><strong>sil</strong></span> <span class='ocrx_word' id='word_1_114' title='bbox 301 1681 332 1726; x_wconf 91' lang='lat' dir='ltr'><strong>m</strong></span> <span class='ocrx_word' id='word_1_115' title='bbox 360 1671 504 1748; x_wconf 88' lang='lat' dir='ltr'><strong>peteret,</strong></span> <span class='ocrx_word' id='word_1_116' title='bbox 535 1676 597 1728; x_wconf 88' lang='lat' dir='ltr'><strong>nec</strong></span> <span class='ocrx_word' id='word_1_117' title='bbox 622 1661 723 1730; x_wconf 86' lang='lat' dir='ltr'><strong>larem</strong></span> <span class='ocrx_word' id='word_1_118' title='bbox 751 1659 856 1730; x_wconf 87' lang='lat' dir='ltr'><strong>mariti</strong></span> <span class='ocrx_word' id='word_1_119' title='bbox 879 1667 1060 1746; x_wconf 85' lang='lat' dir='ltr'><strong>repeteret,</strong></span> <span class='ocrx_word' id='word_1_120' title='bbox 1092 1653 1161 1720; x_wconf 88' lang='lat' dir='ltr'><strong>fihis</strong></span> <span class='ocrx_word' id='word_1_121' title='bbox 1182 1651 1259 1732; x_wconf 85' lang='lat' dir='ltr'><strong>suis,</strong></span> 
     </span>
    </p>
   </div>
   <div class='ocr_carea' id='block_1_9' title="bbox 76 1740 1392 1924">
    <p class='ocr_par' dir='ltr' id='par_1_9' title="bbox 76 1740 1392 1924">
     <span class='ocr_line' id='line_1_16' title="bbox 76 1740 1392 1826; baseline -0.005 -16"><span class='ocrx_word' id='word_1_122' title='bbox 76 1743 239 1812; x_wconf 72' lang='lat' dir='ltr'><strong>terame</strong></span> <span class='ocrx_word' id='word_1_123' title='bbox 270 1755 304 1813; x_wconf 90' lang='lat' dir='ltr'><strong>et</strong></span> <span class='ocrx_word' id='word_1_124' title='bbox 324 1744 454 1826; x_wconf 83' lang='lat' dir='ltr'><strong>Heliae,</strong></span> <span class='ocrx_word' id='word_1_125' title='bbox 480 1744 632 1816; x_wconf 79' lang='lat' dir='ltr'><strong>Athamas</strong></span> <span class='ocrx_word' id='word_1_126' title='bbox 654 1767 844 1825; x_wconf 83' lang='lat' dir='ltr'><strong>novercam,</strong></span> <span class='ocrx_word' id='word_1_127' title='bbox 875 1743 1002 1812; x_wconf 90' lang='lat' dir='ltr'><strong>nomine</strong></span> <span class='ocrx_word' id='word_1_128' title='bbox 1020 1740 1174 1822; x_wconf 84' lang='lat' dir='ltr'><strong>Inonem,</strong></span> <span class='ocrx_word' id='word_1_129' title='bbox 1205 1759 1259 1806; x_wconf 84' lang='lat' dir='ltr'><strong>su·</strong></span> <span class='ocrx_word' id='word_1_130' title='bbox 1391 1781 1392 1784; x_wconf 55' lang='lat'><em>=</em></span> 
     </span>
     <span class='ocr_line' id='line_1_17' title="bbox 113 1824 1369 1924; baseline -0.005 -29"><span class='ocrx_word' id='word_1_131' title='bbox 113 1828 281 1918; x_wconf 79' lang='lat' dir='ltr'><strong>perduxit3</strong></span> <span class='ocrx_word' id='word_1_132' title='bbox 301 1852 386 1918; x_wconf 85' lang='lat' dir='ltr'><strong>quae</strong></span> <span class='ocrx_word' id='word_1_133' title='bbox 406 1831 565 1898; x_wconf 75' lang='lat' dir='ltr'><strong>novercali</strong></span> <span class='ocrx_word' id='word_1_134' title='bbox 585 1831 661 1900; x_wconf 88' lang='lat' dir='ltr'><strong>odic</strong></span> <span class='ocrx_word' id='word_1_135' title='bbox 682 1831 790 1924; x_wconf 90' lang='lat' dir='ltr'><strong>pueris</strong></span> <span class='ocrx_word' id='word_1_136' title='bbox 812 1828 942 1900; x_wconf 88' lang='lat' dir='ltr'><strong>exitium</strong></span> <span class='ocrx_word' id='word_1_137' title='bbox 967 1824 1170 1906; x_wconf 85' lang='lat' dir='ltr'><strong>machinans,</strong></span> <span class='ocrx_word' id='word_1_138' title='bbox 1189 1845 1259 1890; x_wconf 91' lang='lat' dir='ltr'><strong>ma·</strong></span> <span class='ocrx_word' id='word_1_139' title='bbox 1361 1885 1369 1898; x_wconf 65' lang='grc'><strong><em>,</em></strong></span> 
     </span>
    </p>
   </div>
   <div class='ocr_carea' id='block_1_10' title="bbox 113 1909 1261 2178">
    <p class='ocr_par' dir='ltr' id='par_1_10' title="bbox 113 1909 1261 2178">
     <span class='ocr_line' id='line_1_18' title="bbox 113 1909 1259 2003; baseline -0.006 -20"><span class='ocrx_word' id='word_1_140' title='bbox 113 1930 224 1983; x_wconf 88' lang='lat' dir='ltr'><strong>trenas</strong></span> <span class='ocrx_word' id='word_1_141' title='bbox 258 1917 402 2002; x_wconf 84' lang='lat' dir='ltr'><strong>rogavit.</strong></span> <span class='ocrx_word' id='word_1_142' title='bbox 436 1928 473 1989; x_wconf 87' lang='lat' dir='ltr'><strong>ut</strong></span> <span class='ocrx_word' id='word_1_143' title='bbox 504 1917 664 1988; x_wconf 80' lang='lat' dir='ltr'><strong>frumenta</strong></span> <span class='ocrx_word' id='word_1_144' title='bbox 702 1915 841 1986; x_wconf 89' lang='lat' dir='ltr'><strong>serenda</strong></span> <span class='ocrx_word' id='word_1_145' title='bbox 879 1924 1130 2003; x_wconf 78' lang='lat' dir='ltr'><strong>concuperent</strong></span> <span class='ocrx_word' id='word_1_146' title='bbox 1184 1909 1259 1985; x_wconf 82' lang='lat' dir='ltr'><strong>Quo</strong></span> 
     </span>
     <span class='ocr_line' id='line_1_19' title="bbox 115 1995 1261 2092; baseline -0.003 -26"><span class='ocrx_word' id='word_1_147' title='bbox 115 1999 215 2083; x_wconf 83' lang='lat' dir='ltr'><strong>sacto,</strong></span> <span class='ocrx_word' id='word_1_148' title='bbox 236 1999 338 2068; x_wconf 85' lang='lat' dir='ltr'><strong>sames</strong></span> <span class='ocrx_word' id='word_1_149' title='bbox 360 2003 469 2070; x_wconf 90' lang='lat' dir='ltr'><strong>innata</strong></span> <span class='ocrx_word' id='word_1_150' title='bbox 490 2015 548 2072; x_wconf 88' lang='lat' dir='ltr'><strong>est</strong></span> <span class='ocrx_word' id='word_1_151' title='bbox 578 2005 687 2080; x_wconf 81' lang='lat' dir='ltr'><strong>Quum</strong></span> <span class='ocrx_word' id='word_1_152' title='bbox 700 2001 743 2070; x_wconf 86' lang='lat' dir='ltr'><strong>ad</strong></span> <span class='ocrx_word' id='word_1_153' title='bbox 758 1999 1131 2092; x_wconf 86' lang='lat' dir='ltr'><strong>Apollinemconsultnm</strong></span> <span class='ocrx_word' id='word_1_154' title='bbox 1153 1995 1261 2064; x_wconf 82' lang='lat' dir='ltr'><strong>civitas</strong></span> 
     </span>
     <span class='ocr_line' id='line_1_20' title="bbox 115 2081 1259 2178; baseline -0.006 -25"><span class='ocrx_word' id='word_1_155' title='bbox 115 2087 270 2165; x_wconf 85' lang='lat' dir='ltr'><strong>misisset,</strong></span> <span class='ocrx_word' id='word_1_156' title='bbox 292 2086 352 2154; x_wconf 91' lang='lat' dir='ltr'><strong>lno</strong></span> <span class='ocrx_word' id='word_1_157' title='bbox 374 2108 465 2167; x_wconf 90' lang='lat' dir='ltr'><strong>eum,</strong></span> <span class='ocrx_word' id='word_1_158' title='bbox 494 2090 550 2178; x_wconf 86' lang='lat' dir='ltr'><strong>qui</strong></span> <span class='ocrx_word' id='word_1_159' title='bbox 571 2091 687 2158; x_wconf 87' lang='lat' dir='ltr'><strong>missus</strong></span> <span class='ocrx_word' id='word_1_160' title='bbox 709 2087 785 2168; x_wconf 86' lang='lat' dir='ltr'><strong>tuit,</strong></span> <span class='ocrx_word' id='word_1_161' title='bbox 817 2088 969 2177; x_wconf 89' lang='lat' dir='ltr'><strong>corrupit,</strong></span> <span class='ocrx_word' id='word_1_162' title='bbox 990 2097 1026 2154; x_wconf 91' lang='lat' dir='ltr'><strong>ut</strong></span> <span class='ocrx_word' id='word_1_163' title='bbox 1046 2084 1193 2157; x_wconf 77' lang='lat' dir='ltr'><strong>referret,</strong></span> <span class='ocrx_word' id='word_1_164' title='bbox 1217 2081 1259 2146; x_wconf 90' lang='lat' dir='ltr'><strong>ab</strong></span> 
     </span>
    </p>
   </div>
   <div class='ocr_carea' id='block_1_11' title="bbox 73 2161 1392 2271">
    <p class='ocr_par' dir='ltr' id='par_1_11' title="bbox 73 2161 1392 2271">
     <span class='ocr_line' id='line_1_21' title="bbox 73 2161 1392 2271; baseline -0.004 -33"><span class='ocrx_word' id='word_1_165' title='bbox 73 2173 248 2239; x_wconf 81' lang='lat' dir='ltr'><strong>acoraculu</strong></span> <span class='ocrx_word' id='word_1_166' title='bbox 271 2171 412 2256; x_wconf 90' lang='lat' dir='ltr'><strong>dictum,</strong></span> <span class='ocrx_word' id='word_1_167' title='bbox 437 2173 516 2242; x_wconf 86' lang='lat' dir='ltr'><strong>filios</strong></span> <span class='ocrx_word' id='word_1_168' title='bbox 532 2175 641 2246; x_wconf 84' lang='lat' dir='ltr'><strong>¹Nubis</strong></span> <span class='ocrx_word' id='word_1_169' title='bbox 661 2173 892 2256; x_wconf 81' lang='lat' dir='ltr'><strong>immolandos3</strong></span> <span class='ocrx_word' id='word_1_170' title='bbox 916 2196 994 2240; x_wconf 86' lang='lat' dir='ltr'><strong>-nam</strong></span> <span class='ocrx_word' id='word_1_171' title='bbox 1026 2182 1060 2239; x_wconf 90' lang='lat' dir='ltr'><strong>et</strong></span> <span class='ocrx_word' id='word_1_172' title='bbox 1086 2169 1156 2271; x_wconf 87' lang='lat' dir='ltr'><strong>ipsa</strong></span> <span class='ocrx_word' id='word_1_173' title='bbox 1173 2161 1261 2248; x_wconf 83' lang='lat' dir='ltr'><strong>dixit,</strong></span> <span class='ocrx_word' id='word_1_174' title='bbox 1391 2195 1392 2218; x_wconf 58' lang='lat'>1</span> 
     </span>
    </p>
   </div>
   <div class='ocr_carea' id='block_1_12' title="bbox 116 2253 1316 2424">
    <p class='ocr_par' dir='ltr' id='par_1_12' title="bbox 116 2253 1316 2424">
     <span class='ocr_line' id='line_1_22' title="bbox 117 2253 1262 2348; baseline -0.005 -22"><span class='ocrx_word' id='word_1_175' title='bbox 117 2281 174 2326; x_wconf 86' lang='lat' dir='ltr'><strong>eos</strong></span> <span class='ocrx_word' id='word_1_176' title='bbox 216 2259 377 2344; x_wconf 83' lang='lat' dir='ltr'><strong>humente</strong></span> <span class='ocrx_word' id='word_1_177' title='bbox 414 2257 604 2330; x_wconf 80' lang='lat' dir='ltr'><strong>incendisse.</strong></span> <span class='ocrx_word' id='word_1_178' title='bbox 663 2261 786 2338; x_wconf 88' lang='lat' dir='ltr'><strong>Pater,</strong></span> <span class='ocrx_word' id='word_1_179' title='bbox 816 2260 930 2328; x_wconf 89' lang='lat' dir='ltr'><strong>timens</strong></span> <span class='ocrx_word' id='word_1_180' title='bbox 961 2255 1069 2348; x_wconf 90' lang='lat' dir='ltr'><strong>pepuli</strong></span> <span class='ocrx_word' id='word_1_181' title='bbox 1103 2253 1262 2334; x_wconf 66' lang='lat' dir='ltr'><strong>meridiam,</strong></span> 
     </span>
     <span class='ocr_line' id='line_1_23' title="bbox 116 2341 1316 2424; baseline -0.004 -14"><span class='ocrx_word' id='word_1_182' title='bbox 116 2345 198 2410; x_wconf 87' lang='lat' dir='ltr'><strong>filios</strong></span> <span class='ocrx_word' id='word_1_183' title='bbox 221 2367 297 2412; x_wconf 88' lang='lat' dir='ltr'><strong>sues</strong></span> <span class='ocrx_word' id='word_1_184' title='bbox 326 2343 456 2414; x_wconf 87' lang='lat' dir='ltr'><strong>arbitrio</strong></span> <span class='ocrx_word' id='word_1_185' title='bbox 487 2369 646 2416; x_wconf 78' lang='lat' dir='ltr'><strong>novercae</strong></span> <span class='ocrx_word' id='word_1_186' title='bbox 671 2344 848 2424; x_wconf 85' lang='lat' dir='ltr'><strong>commisit,</strong></span> <span class='ocrx_word' id='word_1_187' title='bbox 880 2343 940 2418; x_wconf 85' lang='lat' dir='ltr'><strong>sed</strong></span> <span class='ocrx_word' id='word_1_188' title='bbox 969 2342 1096 2411; x_wconf 88' lang='lat' dir='ltr'><strong>occulte</strong></span> <span class='ocrx_word' id='word_1_189' title='bbox 1118 2341 1181 2424; x_wconf 72' lang='lat' dir='ltr'><strong>¹illis</strong></span> <span class='ocrx_word' id='word_1_190' title='bbox 1211 2360 1264 2406; x_wconf 85' lang='lat' dir='ltr'><strong>re·</strong></span> <span class='ocrx_word' id='word_1_191' title='bbox 1313 2370 1316 2382; x_wconf 90' lang='lat'><strong>·</strong></span> 
     </span>
    </p>
   </div>
   <div class='ocr_carea' id='block_1_13' title="bbox 117 2425 1357 2582">
    <p class='ocr_par' dir='ltr' id='par_1_13' title="bbox 117 2425 1357 2582">
     <span class='ocr_line' id='line_1_24' title="bbox 117 2425 1357 2582; baseline -0.005 -84"><span class='ocrx_word' id='word_1_192' title='bbox 117 2429 258 2498; x_wconf 87' lang='lat' dir='ltr'><strong>medium</strong></span> <span class='ocrx_word' id='word_1_193' title='bbox 289 2429 388 2498; x_wconf 91' lang='lat' dir='ltr'><strong>dedit.</strong></span> <span class='ocrx_word' id='word_1_194' title='bbox 431 2431 517 2500; x_wconf 87' lang='lat' dir='ltr'><strong>Nam</strong></span> <span class='ocrx_word' id='word_1_195' title='bbox 544 2433 717 2513; x_wconf 88' lang='lat' dir='ltr'><strong>Phrixum,</strong></span> <span class='ocrx_word' id='word_1_196' title='bbox 750 2431 860 2500; x_wconf 90' lang='lat' dir='ltr'><strong>mortis</strong></span> <span class='ocrx_word' id='word_1_197' title='bbox 883 2452 963 2498; x_wconf 89' lang='lat' dir='ltr'><strong>suae</strong></span> <span class='ocrx_word' id='word_1_198' title='bbox 991 2431 1159 2582; x_wconf 49' lang='lat' dir='ltr'><strong>ignarum,</strong></span> <span class='ocrx_word' id='word_1_199' title='bbox 1185 2425 1264 2492; x_wconf 84' lang='lat' dir='ltr'><strong>sub·</strong></span> <span class='ocrx_word' id='word_1_200' title='bbox 1304 2427 1309 2434; x_wconf 79' lang='grc'><strong>”</strong></span> <span class='ocrx_word' id='word_1_201' title='bbox 1350 2481 1357 2492; x_wconf 87' lang='grc'><strong>.</strong></span> 
     </span>
    </p>
   </div>
   <div class='ocr_carea' id='block_1_14' title="bbox 1 2510 1271 3636">
    <p class='ocr_par' dir='ltr' id='par_1_14' title="bbox 4 2510 1269 3464">
     <span class='ocr_line' id='line_1_25' title="bbox 117 2510 1263 2613; baseline -0.006 -31"><span class='ocrx_word' id='word_1_202' title='bbox 117 2515 276 2600; x_wconf 49' lang='grc' dir='ltr'><strong>ωῐεῑῑ,,ιιῑ</strong></span> <span class='ocrx_word' id='word_1_203' title='bbox 295 2517 450 2600; x_wconf 81' lang='lat' dir='ltr'><strong>arietem,</strong></span> <span class='ocrx_word' id='word_1_204' title='bbox 479 2537 612 2588; x_wconf 91' lang='lat' dir='ltr'><strong>aureum</strong></span> <span class='ocrx_word' id='word_1_205' title='bbox 634 2519 730 2586; x_wconf 81' lang='lat' dir='ltr'><strong>uellus</strong></span> <span class='ocrx_word' id='word_1_206' title='bbox 751 2517 944 2594; x_wconf 61' lang='lat' dir='ltr'><strong>habentem»,</strong></span> <span class='ocrx_word' id='word_1_207' title='bbox 974 2539 993 2582; x_wconf 90' lang='lat' dir='ltr'><strong>a</strong></span> <span class='ocrx_word' id='word_1_208' title='bbox 1017 2513 1170 2592; x_wconf 71' lang='lat' dir='ltr'><strong>duceret:</strong></span> <span class='ocrx_word' id='word_1_209' title='bbox 1199 2510 1263 2613; x_wconf 71' lang='lat' dir='ltr'><strong>qpi</strong></span> 
     </span>
     <span class='ocr_line' id='line_1_26' title="bbox 4 2599 1265 2689; baseline 0.002 -27"><span class='ocrx_word' id='word_1_210' title='bbox 4 2631 8 2638; x_wconf 92' lang='lat'><strong>·</strong></span> <span class='ocrx_word' id='word_1_211' title='bbox 77 2600 254 2671; x_wconf 78' lang='lat' dir='ltr'><strong>assaumis</strong></span> <span class='ocrx_word' id='word_1_212' title='bbox 282 2611 362 2670; x_wconf 91' lang='lat' dir='ltr'><strong>nutu</strong></span> <span class='ocrx_word' id='word_1_213' title='bbox 395 2600 605 2684; x_wconf 71' lang='lat' dir='ltr'><strong>admonitus,</strong></span> <span class='ocrx_word' id='word_1_214' title='bbox 625 2616 662 2677; x_wconf 91' lang='lat' dir='ltr'><strong>ut</strong></span> <span class='ocrx_word' id='word_1_215' title='bbox 688 2627 762 2670; x_wconf 91' lang='lat' dir='ltr'><strong>cum</strong></span> <span class='ocrx_word' id='word_1_216' title='bbox 784 2624 897 2670; x_wconf 88' lang='lat' dir='ltr'><strong>sorore</strong></span> <span class='ocrx_word' id='word_1_217' title='bbox 920 2600 1066 2689; x_wconf 81' lang='lat' dir='ltr'><strong>lugeret,</strong></span> <span class='ocrx_word' id='word_1_218' title='bbox 1098 2599 1265 2671; x_wconf 79' lang='lat' dir='ltr'><strong>confestum</strong></span> 
     </span>
     <span class='ocr_line' id='line_1_27' title="bbox 42 2685 1266 2778; baseline -0.006 -22"><span class='ocrx_word' id='word_1_219' title='bbox 42 2708 44 2716; x_wconf 74' lang='grc'>’</span> <span class='ocrx_word' id='word_1_220' title='bbox 120 2709 158 2756; x_wconf 89' lang='lat' dir='ltr'><strong>se</strong></span> <span class='ocrx_word' id='word_1_221' title='bbox 180 2709 253 2756; x_wconf 87' lang='lat' dir='ltr'><strong>cum</strong></span> <span class='ocrx_word' id='word_1_222' title='bbox 275 2711 315 2754; x_wconf 89' lang='lat' dir='ltr'><strong>ea</strong></span> <span class='ocrx_word' id='word_1_223' title='bbox 335 2689 430 2755; x_wconf 89' lang='lat' dir='ltr'><strong>morti</strong></span> <span class='ocrx_word' id='word_1_224' title='bbox 453 2691 619 2760; x_wconf 75' lang='lat' dir='ltr'><strong>subtraxit.</strong></span> <span class='ocrx_word' id='word_1_225' title='bbox 662 2688 792 2756; x_wconf 86' lang='lat' dir='ltr'><strong>Deinde</strong></span> <span class='ocrx_word' id='word_1_226' title='bbox 820 2709 918 2778; x_wconf 84' lang='lat' dir='ltr'><strong>quum</strong></span> <span class='ocrx_word' id='word_1_227' title='bbox 940 2688 1033 2755; x_wconf 87' lang='lat' dir='ltr'><strong>arieti</strong></span> <span class='ocrx_word' id='word_1_228' title='bbox 1054 2685 1266 2752; x_wconf 88' lang='lat' dir='ltr'><strong>adhaerentes</strong></span> 
     </span>
     <span class='ocr_line' id='line_1_28' title="bbox 118 2771 1267 2862; baseline -0.007 -22"><span class='ocrx_word' id='word_1_229' title='bbox 118 2793 209 2840; x_wconf 90' lang='lat' dir='ltr'><strong>mare</strong></span> <span class='ocrx_word' id='word_1_230' title='bbox 236 2777 497 2862; x_wconf 82' lang='lat' dir='ltr'><strong>supernatarebt,</strong></span> <span class='ocrx_word' id='word_1_231' title='bbox 526 2776 620 2844; x_wconf 85' lang='lat' dir='ltr'><strong>Helle</strong></span> <span class='ocrx_word' id='word_1_232' title='bbox 671 2775 755 2843; x_wconf 89' lang='lat' dir='ltr'><strong>uella</strong></span> <span class='ocrx_word' id='word_1_233' title='bbox 774 2775 807 2840; x_wconf 90' lang='lat' dir='ltr'><strong>in</strong></span> <span class='ocrx_word' id='word_1_234' title='bbox 828 2795 919 2844; x_wconf 89' lang='lat' dir='ltr'><strong>mare</strong></span> <span class='ocrx_word' id='word_1_235' title='bbox 941 2771 1076 2852; x_wconf 88' lang='lat' dir='ltr'><strong>cecidit,</strong></span> <span class='ocrx_word' id='word_1_236' title='bbox 1097 2781 1132 2838; x_wconf 87' lang='lat' dir='ltr'><strong>et</strong></span> <span class='ocrx_word' id='word_1_237' title='bbox 1149 2779 1267 2836; x_wconf 81' lang='lat' dir='ltr'><strong>nomen</strong></span> 
     </span>
     <span class='ocr_line' id='line_1_29' title="bbox 119 2799 1266 2957; baseline -0.005 -32"><span class='ocrx_word' id='word_1_238' title='bbox 119 2870 218 2952; x_wconf 89' lang='lat' dir='ltr'><strong>ponte</strong></span> <span class='ocrx_word' id='word_1_239' title='bbox 231 2858 337 2928; x_wconf 85' lang='lat' dir='ltr'><strong>dedit:</strong></span> <span class='ocrx_word' id='word_1_240' title='bbox 359 2883 433 2928; x_wconf 93' lang='lat' dir='ltr'><strong>nam</strong></span> <span class='ocrx_word' id='word_1_241' title='bbox 447 2860 548 2929; x_wconf 86' lang='lat' dir='ltr'><strong>exilia</strong></span> <span class='ocrx_word' id='word_1_242' title='bbox 561 2799 866 2949; x_wconf 51' lang='lat' dir='ltr'><strong>Hellespontus</strong></span> <span class='ocrx_word' id='word_1_243' title='bbox 882 2860 1007 2929; x_wconf 86' lang='lat' dir='ltr'><strong>dicitur.</strong></span> <span class='ocrx_word' id='word_1_244' title='bbox 1045 2855 1200 2936; x_wconf 81' lang='lat' dir='ltr'><strong>Phrixus,</strong></span> <span class='ocrx_word' id='word_1_245' title='bbox 1221 2851 1266 2957; x_wconf 70' lang='lat' dir='ltr'><strong>ad</strong></span> 
     </span>
     <span class='ocr_line' id='line_1_30' title="bbox 120 2943 1266 3028; baseline -0.004 -17"><span class='ocrx_word' id='word_1_246' title='bbox 120 2944 263 3014; x_wconf 77' lang='lat' dir='ltr'><strong>Colchos</strong></span> <span class='ocrx_word' id='word_1_247' title='bbox 283 2943 429 3026; x_wconf 89' lang='lat' dir='ltr'><strong>delatus,</strong></span> <span class='ocrx_word' id='word_1_248' title='bbox 451 2949 582 3018; x_wconf 89' lang='lat' dir='ltr'><strong>arietem</strong></span> <span class='ocrx_word' id='word_1_249' title='bbox 600 2946 791 3028; x_wconf 86' lang='lat' dir='ltr'><strong>immolavit,</strong></span> <span class='ocrx_word' id='word_1_250' title='bbox 804 2946 856 3015; x_wconf 91' lang='lat' dir='ltr'><strong>&#39;et</strong></span> <span class='ocrx_word' id='word_1_251' title='bbox 878 2946 976 3015; x_wconf 82' lang='lat' dir='ltr'><strong>vellus</strong></span> <span class='ocrx_word' id='word_1_252' title='bbox 999 2963 1134 3012; x_wconf 87' lang='lat' dir='ltr'><strong>aureum</strong></span> <span class='ocrx_word' id='word_1_253' title='bbox 1153 2943 1266 3008; x_wconf 80' lang='lat' dir='ltr'><strong>Marus</strong></span> 
     </span>
     <span class='ocr_line' id='line_1_31' title="bbox 71 3029 1269 3124; baseline -0.003 -28"><span class='ocrx_word' id='word_1_254' title='bbox 71 3031 238 3120; x_wconf 72' lang='lat' dir='ltr'><strong>&#39;aetemplo</strong></span> <span class='ocrx_word' id='word_1_255' title='bbox 267 3029 444 3110; x_wconf 85' lang='lat' dir='ltr'><strong>dedicarit,</strong></span> <span class='ocrx_word' id='word_1_256' title='bbox 482 3033 571 3124; x_wconf 82' lang='lat' dir='ltr'><strong>quod</strong></span> <span class='ocrx_word' id='word_1_257' title='bbox 603 3034 704 3104; x_wconf 90' lang='lat' dir='ltr'><strong>draco</strong></span> <span class='ocrx_word' id='word_1_258' title='bbox 733 3031 937 3110; x_wconf 85' lang='lat' dir='ltr'><strong>custodiebat</strong></span> <span class='ocrx_word' id='word_1_259' title='bbox 964 3029 1125 3099; x_wconf 89' lang='lat' dir='ltr'><strong>insomnis.</strong></span> <span class='ocrx_word' id='word_1_260' title='bbox 1166 3029 1269 3095; x_wconf 82' lang='lat' dir='ltr'><strong>Aeeta</strong></span> 
     </span>
     <span class='ocr_line' id='line_1_32' title="bbox 127 3111 1268 3210; baseline -0.003 -27"><span class='ocrx_word' id='word_1_261' title='bbox 127 3131 186 3184; x_wconf 87' lang='lat' dir='ltr'><strong>rex</strong></span> <span class='ocrx_word' id='word_1_262' title='bbox 214 3115 368 3186; x_wconf 85' lang='lat' dir='ltr'><strong>Phrixum</strong></span> <span class='ocrx_word' id='word_1_263' title='bbox 396 3116 497 3189; x_wconf 86' lang='lat' dir='ltr'><strong>libens</strong></span> <span class='ocrx_word' id='word_1_264' title='bbox 526 3121 665 3210; x_wconf 90' lang='lat' dir='ltr'><strong>recepit,</strong></span> <span class='ocrx_word' id='word_1_265' title='bbox 704 3118 865 3208; x_wconf 84' lang='lat' dir='ltr'><strong>filiamque</strong></span> <span class='ocrx_word' id='word_1_266' title='bbox 899 3139 1032 3185; x_wconf 85' lang='lat' dir='ltr'><strong>uxorem</strong></span> <span class='ocrx_word' id='word_1_267' title='bbox 1066 3113 1165 3182; x_wconf 75' lang='lat' dir='ltr'><strong>detta</strong></span> <span class='ocrx_word' id='word_1_268' title='bbox 1220 3111 1268 3180; x_wconf 84' lang='lat' dir='ltr'><strong>Et</strong></span> 
     </span>
     <span class='ocr_line' id='line_1_33' title="bbox 144 3200 1266 3296; baseline -0.006 -27"><span class='ocrx_word' id='word_1_269' title='bbox 144 3226 221 3270; x_wconf 92' lang='lat' dir='ltr'><strong>uum</strong></span> <span class='ocrx_word' id='word_1_270' title='bbox 245 3225 286 3270; x_wconf 89' lang='lat' dir='ltr'><strong>ex</strong></span> <span class='ocrx_word' id='word_1_271' title='bbox 306 3223 345 3270; x_wconf 89' lang='lat' dir='ltr'><strong>ea</strong></span> <span class='ocrx_word' id='word_1_272' title='bbox 367 3200 485 3274; x_wconf 88' lang='lat' dir='ltr'><strong>liberos</strong></span> <span class='ocrx_word' id='word_1_273' title='bbox 509 3209 705 3296; x_wconf 85' lang='lat' dir='ltr'><strong>accepisset,</strong></span> <span class='ocrx_word' id='word_1_274' title='bbox 729 3207 847 3274; x_wconf 80' lang='lat' dir='ltr'><strong>veritus</strong></span> <span class='ocrx_word' id='word_1_275' title='bbox 868 3205 981 3283; x_wconf 87' lang='lat' dir='ltr'><strong>Aeeta,</strong></span> <span class='ocrx_word' id='word_1_276' title='bbox 1003 3223 1043 3267; x_wconf 90' lang='lat' dir='ltr'><strong>ne</strong></span> <span class='ocrx_word' id='word_1_277' title='bbox 1065 3223 1101 3268; x_wconf 91' lang='lat' dir='ltr'><strong>se</strong></span> <span class='ocrx_word' id='word_1_278' title='bbox 1122 3223 1141 3266; x_wconf 94' lang='lat' dir='ltr'><strong>a</strong></span> <span class='ocrx_word' id='word_1_279' title='bbox 1162 3219 1266 3286; x_wconf 81' lang='lat' dir='ltr'><strong>regno</strong></span> 
     </span>
     <span class='ocr_line' id='line_1_34' title="bbox 123 3225 1269 3381; baseline -0.009 -25"><span class='ocrx_word' id='word_1_280' title='bbox 123 3225 278 3381; x_wconf 49' lang='lat' dir='ltr'><strong>dejiceret</strong></span> <span class='ocrx_word' id='word_1_281' title='bbox 299 3287 406 3376; x_wconf 85' lang='lat' dir='ltr'><strong>(quod</strong></span> <span class='ocrx_word' id='word_1_282' title='bbox 422 3291 452 3358; x_wconf 91' lang='lat' dir='ltr'><strong>ei</strong></span> <span class='ocrx_word' id='word_1_283' title='bbox 471 3313 663 3381; x_wconf 90' lang='lat' dir='ltr'><strong>responsum</strong></span> <span class='ocrx_word' id='word_1_284' title='bbox 686 3314 706 3358; x_wconf 89' lang='lat' dir='ltr'><strong>a</strong></span> <span class='ocrx_word' id='word_1_285' title='bbox 728 3289 788 3358; x_wconf 86' lang='lat' dir='ltr'><strong>diis</strong></span> <span class='ocrx_word' id='word_1_286' title='bbox 809 3290 931 3356; x_wconf 87' lang='lat' dir='ltr'><strong>fuerat:</strong></span> <span class='ocrx_word' id='word_1_287' title='bbox 953 3286 998 3354; x_wconf 82' lang='lat' dir='ltr'><strong>ab</strong></span> <span class='ocrx_word' id='word_1_288' title='bbox 1013 3286 1170 3352; x_wconf 80' lang='lat' dir='ltr'><strong>advenae</strong></span> <span class='ocrx_word' id='word_1_289' title='bbox 1180 3305 1269 3373; x_wconf 78' lang='lat' dir='ltr'><strong>prc-</strong></span> 
     </span>
     <span class='ocr_line' id='line_1_35' title="bbox 120 3367 1269 3464; baseline -0.005 -25"><span class='ocrx_word' id='word_1_290' title='bbox 120 3375 227 3464; x_wconf 81' lang='lat' dir='ltr'><strong>genie</strong></span> <span class='ocrx_word' id='word_1_291' title='bbox 251 3385 397 3440; x_wconf 81' lang='lat' dir='ltr'><strong>mertem</strong></span> <span class='ocrx_word' id='word_1_292' title='bbox 423 3379 581 3464; x_wconf 80' lang='lat' dir='ltr'><strong>caveret)</strong></span> <span class='ocrx_word' id='word_1_293' title='bbox 611 3377 768 3446; x_wconf 85' lang='lat' dir='ltr'><strong>Phrixum</strong></span> <span class='ocrx_word' id='word_1_294' title='bbox 806 3373 978 3443; x_wconf 76' lang='lat' dir='ltr'><strong>interfecit.</strong></span> <span class='ocrx_word' id='word_1_295' title='bbox 1039 3373 1092 3448; x_wconf 83' lang='lat' dir='ltr'><strong>At,</strong></span> <span class='ocrx_word' id='word_1_296' title='bbox 1114 3370 1168 3438; x_wconf 89' lang='lat' dir='ltr'><strong>filii</strong></span> <span class='ocrx_word' id='word_1_297' title='bbox 1200 3367 1269 3460; x_wconf 87' lang='lat' dir='ltr'><strong>ejus</strong></span> 
     </span>
    </p>

    <p class='ocr_par' dir='ltr' id='par_1_15' title="bbox 1 3455 1271 3636">
     <span class='ocr_line' id='line_1_36' title="bbox 1 3455 1271 3546; baseline -0.005 -20"><span class='ocrx_word' id='word_1_298' title='bbox 1 3525 2 3540; x_wconf 58' lang='grc'>,</span> <span class='ocrx_word' id='word_1_299' title='bbox 81 3469 225 3538; x_wconf 66' lang='lat' dir='ltr'><strong>aetatem</strong></span> <span class='ocrx_word' id='word_1_300' title='bbox 263 3455 495 3546; x_wconf 86' lang='lat' dir='ltr'><strong>ascenderunt,</strong></span> <span class='ocrx_word' id='word_1_301' title='bbox 541 3477 597 3533; x_wconf 90' lang='lat' dir='ltr'><strong>ut·</strong></span> <span class='ocrx_word' id='word_1_302' title='bbox 616 3463 659 3530; x_wconf 88' lang='lat' dir='ltr'><strong>ad</strong></span> <span class='ocrx_word' id='word_1_303' title='bbox 697 3483 791 3530; x_wconf 85' lang='lat' dir='ltr'><strong>avum</strong></span> <span class='ocrx_word' id='word_1_304' title='bbox 831 3461 1054 3530; x_wconf 82' lang='lat' dir='ltr'><strong>Athamantem</strong></span> <span class='ocrx_word' id='word_1_305' title='bbox 1090 3456 1271 3525; x_wconf 85' lang='lat' dir='ltr'><strong>transirent.</strong></span> 
     </span>
     <span class='ocr_line' id='line_1_37' title="bbox 123 3541 1271 3636; baseline -0.005 -25"><span class='ocrx_word' id='word_1_306' title='bbox 123 3545 197 3612; x_wconf 89' lang='lat' dir='ltr'><strong>Hos</strong></span> <span class='ocrx_word' id='word_1_307' title='bbox 223 3545 401 3634; x_wconf 80' lang='lat' dir='ltr'><strong>naufragos</strong></span> <span class='ocrx_word' id='word_1_308' title='bbox 425 3551 534 3615; x_wconf 83' lang='lat' dir='ltr'><strong>Aeson</strong></span> <span class='ocrx_word' id='word_1_309' title='bbox 566 3547 702 3636; x_wconf 85' lang='lat' dir='ltr'><strong>excepit.</strong></span> <span class='ocrx_word' id='word_1_310' title='bbox 745 3548 868 3616; x_wconf 86' lang='lat' dir='ltr'><strong>Postea</strong></span> <span class='ocrx_word' id='word_1_311' title='bbox 896 3547 993 3615; x_wconf 88' lang='lat' dir='ltr'><strong>Iason</strong></span> <span class='ocrx_word' id='word_1_312' title='bbox 1023 3541 1165 3611; x_wconf 80' lang='lat' dir='ltr'><strong>Colchus</strong></span> <span class='ocrx_word' id='word_1_313' title='bbox 1195 3561 1271 3632; x_wconf 86' lang='lat' dir='ltr'><strong>pro-</strong></span> 
     </span>
    </p>
   </div>
   <div class='ocr_carea' id='block_1_15' title="bbox 126 3626 1269 3831">
    <p class='ocr_par' dir='ltr' id='par_1_16' title="bbox 126 3626 1269 3831">
     <span class='ocr_line' id='line_1_38' title="bbox 126 3626 1269 3719; baseline -0.003 -24"><span class='ocrx_word' id='word_1_314' title='bbox 126 3631 231 3697; x_wconf 82' lang='lat' dir='ltr'><strong>fectus</strong></span> <span class='ocrx_word' id='word_1_315' title='bbox 261 3641 311 3699; x_wconf 86' lang='lat' dir='ltr'><strong>est</strong></span> <span class='ocrx_word' id='word_1_316' title='bbox 337 3652 397 3719; x_wconf 85' lang='lat' dir='ltr'><strong>pro</strong></span> <span class='ocrx_word' id='word_1_317' title='bbox 425 3633 540 3702; x_wconf 80' lang='lat' dir='ltr'><strong>vellere</strong></span> <span class='ocrx_word' id='word_1_318' title='bbox 561 3657 661 3704; x_wconf 87' lang='lat' dir='ltr'><strong>aureo</strong></span> <span class='ocrx_word' id='word_1_319' title='bbox 680 3631 838 3715; x_wconf 88' lang='lat' dir='ltr'><strong>tollendo,</strong></span> <span class='ocrx_word' id='word_1_320' title='bbox 876 3643 909 3701; x_wconf 93' lang='lat' dir='ltr'><strong>et</strong></span> <span class='ocrx_word' id='word_1_321' title='bbox 937 3630 1112 3700; x_wconf 80' lang='lat' dir='ltr'><strong>draconem</strong></span> <span class='ocrx_word' id='word_1_322' title='bbox 1142 3626 1269 3708; x_wconf 85' lang='lat' dir='ltr'><strong>oceidit,</strong></span> 
     </span>
     <span class='ocr_line' id='line_1_39' title="bbox 126 3714 1211 3831; baseline 0.006 -49"><span class='ocrx_word' id='word_1_323' title='bbox 126 3725 159 3782; x_wconf 94' lang='lat' dir='ltr'><strong>et</strong></span> <span class='ocrx_word' id='word_1_324' title='bbox 181 3714 276 3784; x_wconf 84' lang='lat' dir='ltr'><strong>uellus</strong></span> <span class='ocrx_word' id='word_1_325' title='bbox 296 3715 430 3785; x_wconf 83' lang='lat' dir='ltr'><strong>sustulit.</strong></span> <span class='ocrx_word' id='word_1_326' title='bbox 570 3751 606 3831; x_wconf 59' lang='lat'>0</span> <span class='ocrx_word' id='word_1_327' title='bbox 1206 3747 1211 3756; x_wconf 51' lang='lat'><em>³</em></span> 
     </span>
    </p>
   </div>
   <div class='ocr_carea' id='block_1_16' title="bbox 84 3915 963 4000">
    <p class='ocr_par' dir='ltr' id='par_1_17' title="bbox 84 3915 963 4000">
     <span class='ocr_line' id='line_1_40' title="bbox 84 3915 963 4000; baseline -0.011 -2"><span class='ocrx_word' id='word_1_328' title='bbox 84 3945 119 3998; x_wconf 82' lang='lat' dir='ltr'><strong>to</strong></span> <span class='ocrx_word' id='word_1_329' title='bbox 400 3915 495 3994; x_wconf 62' lang='lat'><strong>&#39;24&#39;</strong></span> <span class='ocrx_word' id='word_1_330' title='bbox 544 3917 704 4000; x_wconf 90' lang='lat' dir='ltr'><strong>Pelias</strong></span> <span class='ocrx_word' id='word_1_331' title='bbox 733 3927 776 3996; x_wconf 87' lang='lat' dir='ltr'><strong>et</strong></span> <span class='ocrx_word' id='word_1_332' title='bbox 808 3917 963 3992; x_wconf 88' lang='lat' dir='ltr'><strong>Iason.</strong></span> 
     </span>
    </p>
   </div>
   <div class='ocr_carea' id='block_1_17' title="bbox 128 3994 1276 4310">
    <p class='ocr_par' dir='ltr' id='par_1_18' title="bbox 128 3994 1276 4310">
     <span class='ocr_line' id='line_1_41' title="bbox 182 3994 1273 4136; baseline -0.009 -20"><span class='ocrx_word' id='word_1_333' title='bbox 182 4017 338 4128; x_wconf 69' lang='lat' dir='ltr'><strong>Pelias,</strong></span> <span class='ocrx_word' id='word_1_334' title='bbox 371 4046 419 4116; x_wconf 80' lang='lat' dir='ltr'><strong>vel</strong></span> <span class='ocrx_word' id='word_1_335' title='bbox 447 4047 586 4129; x_wconf 87' lang='lat' dir='ltr'><strong>Peleus,</strong></span> <span class='ocrx_word' id='word_1_336' title='bbox 613 4067 672 4114; x_wconf 85' lang='lat' dir='ltr'><strong>rex</strong></span> <span class='ocrx_word' id='word_1_337' title='bbox 699 4044 929 4136; x_wconf 86' lang='lat' dir='ltr'><strong>Peloponnesi,</strong></span> <span class='ocrx_word' id='word_1_338' title='bbox 961 4040 1050 4110; x_wconf 86' lang='lat' dir='ltr'><strong>cu&#39;us</strong></span> <span class='ocrx_word' id='word_1_339' title='bbox 1081 4037 1182 4108; x_wconf 82' lang='lat' dir='ltr'><strong>trater</strong></span> <span class='ocrx_word' id='word_1_340' title='bbox 1202 3994 1273 4106; x_wconf 78' lang='lat' dir='ltr'><strong>erat</strong></span> 
     </span>
     <span class='ocr_line' id='line_1_42' title="bbox 130 4124 1273 4224; baseline -0.009 -22"><span class='ocrx_word' id='word_1_341' title='bbox 130 4139 268 4216; x_wconf 62' lang='lat' dir='ltr'><strong>Aeson,</strong></span> <span class='ocrx_word' id='word_1_342' title='bbox 285 4137 339 4224; x_wconf 87' lang='lat' dir='ltr'><strong>qui</strong></span> <span class='ocrx_word' id='word_1_343' title='bbox 370 4141 475 4201; x_wconf 72' lang='lat' dir='ltr'><strong>Aeson</strong></span> <span class='ocrx_word' id='word_1_344' title='bbox 499 4134 621 4215; x_wconf 74' lang='lat' dir='ltr'><strong>tilium,</strong></span> <span class='ocrx_word' id='word_1_345' title='bbox 650 4134 778 4200; x_wconf 87' lang='lat' dir='ltr'><strong>nemine</strong></span> <span class='ocrx_word' id='word_1_346' title='bbox 798 4132 968 4209; x_wconf 77' lang='lat' dir='ltr'><strong>tasonem,</strong></span> <span class='ocrx_word' id='word_1_347' title='bbox 1088 4126 1122 4194; x_wconf 84' lang='lat' dir='ltr'><strong>it.</strong></span> <span class='ocrx_word' id='word_1_348' title='bbox 1165 4124 1273 4214; x_wconf 74' lang='lat' dir='ltr'><strong>‘Igitur</strong></span> 
     </span>
     <span class='ocr_line' id='line_1_43' title="bbox 128 4211 1276 4310; baseline -0.007 -24"><span class='ocrx_word' id='word_1_349' title='bbox 128 4219 313 4310; x_wconf 85' lang='lat' dir='ltr'><strong>praedictus</strong></span> <span class='ocrx_word' id='word_1_350' title='bbox 341 4217 450 4288; x_wconf 51' lang='lat' dir='ltr'><strong>¹Pelius</strong></span> <span class='ocrx_word' id='word_1_351' title='bbox 485 4219 583 4288; x_wconf 83' lang='lat' dir='ltr'><strong>tilium</strong></span> <span class='ocrx_word' id='word_1_352' title='bbox 616 4217 733 4287; x_wconf 81' lang='lat' dir='ltr'><strong>fratris</strong></span> <span class='ocrx_word' id='word_1_353' title='bbox 747 4216 858 4290; x_wconf 56' lang='lat' dir='ltr'><strong>*timuit</strong></span> <span class='ocrx_word' id='word_1_354' title='bbox 886 4216 929 4310; x_wconf 90' lang='lat' dir='ltr'><strong>ob</strong></span> <span class='ocrx_word' id='word_1_355' title='bbox 959 4214 1108 4286; x_wconf 73' lang='lat' dir='ltr'><strong>mntem</strong></span> <span class='ocrx_word' id='word_1_356' title='bbox 1138 4211 1207 4306; x_wconf 85' lang='lat' dir='ltr'><strong>ejus</strong></span> <span class='ocrx_word' id='word_1_357' title='bbox 1235 4233 1276 4282; x_wconf 89' lang='lat' dir='ltr'><strong>ac</strong></span> 
     </span>
    </p>
   </div>
   <div class='ocr_carea' id='block_1_18' title="bbox 0 0 1424 4800">
    <p class='ocr_par' dir='ltr' id='par_1_19' title="bbox 0 0 1424 4800">
     <span class='ocr_line' id='line_1_44' title="bbox 0 0 1424 4800; baseline 0 0"><span class='ocrx_word' id='word_1_358' title='bbox 0 0 1424 4800; x_wconf 95' lang='lat' dir='ltr'><strong> </strong></span> 
     </span>
    </p>
   </div>
  </div>
 </body>
</html>
