2716 4794
178 205 259 304 rc'r
444 177 642 329 ¹ripum..
670 205 742 299 ru.
797 217 838 298 a
891 199 1044 352 a-o'.

264 413 296 477 8.
330 409 443 476 'Porro
471 411 629 478 Helenam
661 411 716 500 (ut
746 407 909 476 consilium
939 419 1027 476 certe
1052 404 1116 471 reri
1137 423 1197 468 non
1215 399 1295 466 relin-

181 520 315 588 quamue
337 497 533 598 inquirendi)
554 495 764 564 immortalem
789 497 886 562 fuisse
907 497 1027 562 indicat
1047 506 1178 580 tempus.
1210 487 1294 582 ¹Nam

182 594 325 660 constat,
358 605 437 647 ens.
458 583 571 650 fratres
600 604 673 648 cum
695 583 889 668 Argonautis
912 583 1018 648 fuisse.
1061 583 1297 664 Argonautarum

182 671 235 736 fiiri
269 690 344 734 cum
371 608 541 735 ll'hehanis
571 665 808 734 dimicaverunt.
859 668 940 734 Item
974 663 1173 732 illomm‘filii
1201 669 1297 723 contra

158 754 346 843 ⁵'I'rojanos
369 752 461 818 vbella
490 765 672 842 gesserunt.
715 753 810 842 Ergo
842 751 869 818 si
898 752 1079 819 immortalis
1105 747 1225 812 Helena
1246 763 1297 806 non

183 841 311 917 suisset,
342 849 391 906 tot
419 839 487 905 sine
513 836 611 905 dubio
632 839 769 905 saeculis
791 837 909 904 durare
930 861 993 904 non
1016 835 1178 926 potuisset
1218 831 1298 895 Hanc

98 941 109 968 t
182 939 288 993 autem
309 925 444 1012 legimus
467 926 555 1013 prius
574 947 595 991 a
615 924 746 991 'l'heseo
768 933 910 1012 raptam,
944 934 976 990 et
1004 924 1036 989 in
1058 925 1203 1010 Aegypto
1224 935 1297 1014 copr-

182 1011 363 1078 mendatam
385 1011 519 1077 Proteo.
561 1011 635 1085 Qua
656 1010 781 1086 ratione
802 1006 930 1094 quidam
951 1008 1083 1084 inducti,
1101 1027 1163 1070 non
1185 1004 1224 1067 oh
1243 1021 1297 1088 qus

181 1111 326 1186 raptum,
361 1095 421 1162 sed
441 1096 507 1161 aliis
528 1095 718 1184 quibusdam
740 1093 782 1161 de
804 1094 909 1160 causis
931 1095 1017 1182 apud
1041 1091 1170 1181 'frojam
1192 1107 1298 1186 pugua-
1343 1095 1344 1098 ’

141 1191 250 1250 1⁰tum
273 1184 402 1258 dicunt,
422 1182 536 1268 quih'us
558 1194 663 1248 tamen
680 1181 809 1248 Servius
832 1202 894 1244 non
915 1180 1082 1246 consentit
1114 1177 1217 1251 Quum
1232 1191 1300 1235 0⁰¹¹ss

176 1270 269 1360 juxta
291 1291 364 1334 eum
385 1267 561 1342 Hercules,
592 1266 650 1333 Ilio
676 1283 715 1331 ex
740 1277 862 1415 uqnato
893 1265 1066 1354 occisoque
1086 1259 1299 1332 Laomedonte,

159 1367 222 1422 ‘eo
246 1351 428 1443 quodcum
450 1365 525 1440 post
552 1353 701 1419 amissum
758 1371 830 1441 yan
874 1363 1122 1440 eragratamque
1142 1345 1267 1438 Mysiam
1285 1361 1300 1404 a

182 1447 276 1528 portu
295 1443 437 1515 arceret,
463 1438 559 1504 filiam
580 1435 810 1504 Laomedontis
869 1436 1010 1503 esionam
1031 1435 1207 1512 Telamoni,
1228 1423 1300 1516 qhud

181 1531 208 1591 is
230 1527 349 1612 pn'mus
371 1545 496 1588 murum
518 1523 678 1604 aseendit,
699 1521 841 1589 dedisset
858 1524 950 1620 (nam
973 1521 1015 1588 de
1037 1522 1188 1598 liberata,
1206 1512 1299 1602 inquit

141 1611 176 1672 11
186 1611 326 1676 Hesiona
347 1609 527 1676 fabulosum
549 1611 736 1696 figmentum
760 1607 847 1691 est),
876 1608 1078 1698 profectique
1100 1611 1174 1672 cum
1191 1602 1300 1702 Priamo

181 1697 297 1782 legati,
330 1715 424 1780 quem
457 1709 490 1762 et
520 1696 623 1784 ipsum
655 1695 696 1761 ab
725 1693 868 1760 Hercule
896 1706 1043 1782 captum,
1083 1692 1143 1760 sed
1173 1688 1300 1754 aricrnrs

180 1782 368 1856 redemtum,
388 1780 497 1866 sicque
519 1783 561 1846 ah
583 1801 623 1845 eo
645 1802 751 1867 regno
770 1779 947 1846 restitutum
970 1780 1081 1856 rel'ert,
1098 1801 1176 1848 ,eam
1193 1773 1300 1840 minime

180 1866 323 1954 reperire
345 1865 538 1952 potuissent,
568 1865 625 1930 illis
647 1887 775 1933 seeum
793 1865 869 1953 jure
890 1865 1042 1930 bellorum
1067 1865 1188 1930 habere
1211 1859 1300 1959 dicen·

180 1951 284 2030 tihus,
306 1963 485 2016 commotus
498 1951 645 2016 Priamus
666 1951 698 2017 in
719 1951 890 2017 Graeciam
908 1951 1060 2018 Paridem
1085 1973 1168 2016 cum⁴
1182 1954 1301 2013 exercitu

138 2038 281 2116 tomisit,
316 2036 369 2124 qui
402 2036 478 2102 inde
511 2035 629 2125 aliquid
661 2035 725 2104 tale
754 2037 944 2115 abduceret,
978 2038 1067 2124 regis
1102 2035 1242 2102 videlicet
1263 2023 1300 2089 111
1343 2063 1344 2072 1

180 2145 313 2190 uxorem
345 2122 393 2188 rel
422 2121 526 2188 filiam.
570 2121 664 2190 Paris
692 2122 792 2208 igitur
817 2124 953 2208 primum
979 2123 1121 2209 hospitio
1143 2125 1303 2204 susceptu.

180 2209 369 2279 adulterium
403 2207 569 2274 commisit.
620 2207 748 2276 Deinde
776 2229 874 2295 quum
905 2228 977 2272 eum
1007 2210 1138 2273 Helena
1162 2205 1302 2272 sollicitata
1343 2219 1344 2228 ¹

180 2295 271 2382 sequi
303 2293 471 2373 noluisset,
501 2313 656 2382 ¹egressus
688 2293 848 2360 civitatem
879 2294 1017 2380 Spartae
1044 2293 1189 2360 obsedit.
1247 2286 1304 2358 (1111

181 2383 301 2453 eversa,
324 2379 483 2444 Helenam
505 2379 619 2467 rapuit.
657 2378 755 2446 Unde
775 2389 808 2445 et
826 2378 879 2444 illa
893 2379 998 2468 ¹recipi
1019 2383 1140 2446 meruit
1161 2385 1181 2443 a
1203 2372 1302 2442 marito·
1342 2401 1343 2444 1

135 2467 237 2532 &Sic
258 2466 359 2552 igitur
379 2463 516 2544 foedus,
539 2463 630 2552 quod
657 2473 763 2531 anterr-
778 2464 861 2529 inter
882 2465 1028 2531 Graecos
1054 2479 1090 2532 et
1117 2465 1222 2531 Troes
1244 2477 1303 2523 corr-

179 2553 322 2618 stitutum
342 2561 376 2617 ct
397 2549 451 2614 diu
473 2560 606 2634 constat·
622 2571 695 2617 esse
715 2561 894 2631 servatum,
917 2549 1047 2616 tandem
1071 2565 1215 2640 ruptum,
1236 2541 1304 2610 etin

69 2690 73 2704 .
177 2636 265 2702 bella·
282 2645 409 2700 ventum
431 2645 490 2702 est.
531 2635 628 2703 Juxta
656 2634 798 2702 altiorem
817 2636 966 2725 'denique
988 2637 1161 2704 scientiam
1184 2633 1230 2700 rel
1251 2626 1305 2715 opl-

178 2723 306 2814 nionem
335 2719 425 2796 stella
453 2718 599 2786 Helenae
627 2718 780 2810 deputata
801 2724 913 2789 nociva
934 2734 1231 2812 tempestatumque
1249 2735 1307 2804 pro·

181 2807 316 2875 creatrix
346 2815 414 2885 eat,
444 2805 578 2872 fratrum
606 2829 682 2874 sero
712 2807 877 2896 propitiae.
920 2808 1015 2874 Unde
1043 2809 1176 2876 Helena
1199 2825 1258 2874 non
1272 2801 1308 2865 in·

137 2899 328 2980 ³⁰congrue
349 2913 448 2958 eausa
468 2890 567 2960 finisse
588 2893 661 2959 mali
682 2893 816 2959 videtur.
857 2891 939 2960 Inde
961 2905 1028 2961 est:

620 3001 727 3068 quum
747 2979 827 3066 jam
853 2979 1024 3044 damnata
1054 2984 1193 3048 sororia

240 3062 331 3150 Igrte
358 3060 624 3150 sllrerapnarum
643 3061 821 3152 fugerunt
842 3061 989 3128 carbaso
1003 3063 1163 3150 fratres.

264 3149 294 3212 9.
339 3146 384 3213 Ut
404 3159 511 3224 autem
530 3147 572 3214 ad
593 3147 706 3214 Jorem
723 3161 932 3224 revertamur,
952 3172 1025 3214 enm
1046 3151 1234 3244 philosophi
1255 3137 1309 3232 qui·

181 3229 255 3298 dar‘n
283 3231 315 3295 in
347 3233 485 3318 figuram
516 3234 610 3320 hujus
638 3233 744 3299 mundi
773 3235 950 3322 accipiunt;
972 3234 1059 3302 unde
1081 3243 1118 3305 e't
1139 3239 1255 3313 Jovir,
1284 3231 1309 3288 ul

137 3320 287 3406 aoajunt,
317 3314 351 3381 id
379 3329 437 3384 est.
455 3318 667 3382 uniuersalis
701 3319 753 3382 via
788 3317 892 3388 dictus
922 3331 978 3387 est.
1021 3321 1066 3388 Elt
1096 3323 1190 3390 hinc·
1208 3311 1311 3388 mundo
1340 3333 1341 3360 1

180 3402 401 3470 a'eternitatem
423 3403 618 3482 attribuunt,
648 3425 711 3468 non
733 3403 820 3490 quod
842 3427 970 3492 semper
991 3405 1077 3472 idem
1096 3403 1176 3476 sese
1201 3407 1312 3475 habeti

23 3565 26 3572 Ι
87 3512 94 3522 ·
180 3486 334 3577 quodest
353 3509 428 3553 1111
447 3489 630 3565 aeternitas,
649 3487 706 3554 sed
728 3487 814 3577 qu'od
837 3513 963 3578 semper
984 3491 1135 3560 durando
1160 3505 1196 3562 et
1216 3501 1313 3559 cursus

61 3616 65 3622 -
123 3639 126 3648 ,
182 3596 258 3640 suos
274 3572 398 3640 redinte
426 3572 537 3653 raudo,
557 3571 600 3640 ad
618 3573 776 3661 quandam
790 3597 827 3641 se
847 3577 1042 3643 aeternitatis
1061 3577 1239 3646 formulam
1252 3592 1314 3640 con·

183 3662 343 3746 stringere
368 3594 522 3725 rideatur.
575 3659 788 3747 Frequentius
819 3671 926 3727 tamen
959 3662 1071 3728 Jovem
1099 3687 1166 3752 pro
1197 3663 1317 3733 aethere

139 3745 364 3848 40accipimus.
399 3742 504 3809 'Unde
526 3742 622 3808 etiam
643 3746 891 3832 triumphantes,
925 3749 978 3922 qui
1007 3748 1109 3814 lovis
1129 3751 1258 3816 habent
1280 3745 1318 3808 in*

949 3831 1035 3899 unde
1055 3834 1249 3904 Juvenalist
1282 3827 1319 3893 11
1339 3857 1340 3910 j

181 3853 304 3918 srgma,
332 3823 494 3916 scdptrum
511 3827 658 3896 videlicet
678 3843 711 3898 11
731 3832 901 3919 palmatam

182 3916 306 3980 tunica
325 3915 422 3979 Jovis
444 3915 543 4000 etc),
568 3915 681 3982 faciem
705 3939 833 4006 quoque
855 3919 898 3984 de
919 3921 1047 3986 rubrica
1068 3919 1211 3990 illiniunt
1232 3921 1322 3985 instar

182 4000 297 4066 coloris
316 3998 466 4066 aetherei.
509 4001 574 4067 Hic
595 4013 628 4068 et
648 4004 782 4068 Ammon
802 4005 833 4070 in
854 4006 975 4094 Libya,
1003 4004 1035 4070 ld
1060 4016 1109 4071 est
1132 4001 1322 4071 arenarius

178 4087 223 4150 ah
247 4086 349 4152 arenis
371 4083 500 4174 Libycis
523 4100 665 4153 vocatur.
699 4087 784 4156 Nam
812 4087 929 4179 ἄμμος
957 4091 1085 4171 Graece
1105 4113 1234 4157 arena
1256 4081 1325 4152 diol-

139 4184 243 4242 ratur.
294 4167 360 4234 Uhi
390 4177 423 4234 et
452 4170 520 4258 ejus
549 4172 749 4239 simulacrum
778 4194 863 4241 cum'
880 4175 985 4264 capite
1014 4173 1176 4242 arientino
1212 4175 1324 4240 factum

183 4266 251 4335 est,
272 4259 319 4319 'eo
349 4251 438 4337 quod
462 4256 538 4322 satis
559 4257 704 4335 involuta,
713 4257 835 4328 ibidem
855 4260 973 4328 dantur
989 4280 1158 4350 responsa.
1206 4257 1282 4328 Sed
1301 4257 1328 4317 11

1334 4727 1338 4757 1
