2698 4804
138 277 140 286 κ
224 295 226 304 ,
276 226 457 326 Mythogr.
485 227 555 298 111.
610 224 650 297 8.
699 204 902 322 ‘lh-ld.
1079 176 1218 297 207ΙΙ

65 419 92 510 et
107 408 243 560 prppcitis
276 405 508 502 amplectuntur
538 427 675 493 terram;
708 403 853 498 superius
882 431 957 476 vero
982 411 1173 498 pubescunt*

65 515 88 556 u
127 517 236 562 eras.x
323 513 325 519 '
444 517 446 524 ·
510 530 515 538 *¹
742 535 743 540 κ
910 551 912 558 .
1191 514 1197 523 '

128 575 187 644 13..
210 582 323 666 Cancri
338 581 538 670 significatio,
559 582 591 646 iu
613 603 678 668 quo
697 592 770 675 post
786 581 938 648 Geminos
959 579 1019 646 erit
1040 580 1103 660 sol,
1128 581 1160 645 in
1222 657 1224 664 y

61 665 200 749 propatulo
222 679 284 750 est;
321 671 394 756 quia
426 669 509 735 sicut
541 667 575 731 id
610 687 714 754 genus
750 666 982 732 animadversis
1019 668 1095 733 vesti
1121 667 1160 754 iis
1292 739 1296 750 ,

56 752 129 813 ‘retro
147 751 276 834 incedit,
308 755 353 820 ita
373 752 422 823 sol
449 775 547 842 quum
579 752 621 817 ad
654 754 717 819 hoc
746 753 867 818 venerit
897 753 1042 854 signum,
1112 763 1186 822 ntae

59 833 189 902 scandere
220 861 282 906 non
318 838 442 918 rolens,
463 837 628 903 inferiora
655 837 788 925 repetit,
829 834 961 904 solstitio
986 838 1019 901 in
1072 850 1163 905 uarto

60 916 113 1004 ejus
138 921 251 1008 gradu,
288 923 323 990 id
344 934 394 990 est
413 921 478 988 XII
509 921 712 993 calendarum
732 923 886 995 Juliarutn
915 921 969 988 dic
990 861 1164 992 celdhrato.

59 1001 181 1091 Sequens
201 1009 326 1097 siguum
346 1010 467 1076 Leonis
489 1007 601 1076 dicunt
622 1011 664 1088 ob
693 1007 772 1074 illius
801 1007 934 1087 mensis,
967 1005 1005 1094 ,id
1028 1021 1078 1075 est
1098 1017 1163 1076 An-
1280 1047 1286 1056 ·

58 1090 145 1171 gusti,
176 1093 433 1162 ferventissimum
468 1098 612 1181 tempus,
650 1095 725 1182 quia
751 1094 867 1161 ceteris
896 1092 1080 1160 animalibus
1111 1094 1162 1161 leo

60 1171 146 1242 calore
164 1194 322 1264 praestare
344 1179 479 1259 dicitur;
500 1177 588 1245 unde
609 1189 642 1246 et
661 1179 865 1266 importabilis
880 1178 947 1246 irae
965 1190 1023 1245 est.
1066 1179 1205 1248 Tunclo

59 1261 133 1326 etiam
153 1265 218 1332 dios
238 1266 401 1354 incipiunt,
423 1287 505 1355 quos
527 1287 547 1332 a
568 1264 743 1331 Caniculae
762 1263 908 1331 violentia
924 1276 1002 1330 tuuc
1017 1267 1164 1347 maxime,

62 1354 86 1408 u
101 1349 216 1432 putant,
251 1354 398 1439 vigente,
431 1349 625 1416 caniculares
647 1350 773 1434 dicunt,
790 1351 839 1415 ,in
860 1349 974 1438 quibus
1006 1370 1068 1414 nec
1091 1374 1164 1417 sau·
1278 1345 1283 1374 ¹

64 1429 165 1512 sunem
193 1436 308 1515 minui,
342 1459 404 1502 nec
427 1436 609 1525 potionibus
629 1448 760 1534 propter
780 1430 916 1502 calorem
946 1434 1098 1522 temporis
1132 1448 1176 1504 ct*
1220 1511 1222 1518 ,

64 1527 194 1616 nattum,x
211 1535 247 1590 ut
278 1521 406 1601 dicunt,
439 1521 603 1608 sauguinis
633 1523 707 1589 licet
738 1521 792 1588 uti.
852 1520 946 1588 Unde
973 1534 1038 1588 est:
1092 1521 1163 1586 Sub

62 1597 131 1666 Cone
151 1616 286 1673 etanta
309 1609 436 1674 clinem
455 1608 620 1671 molestae
640 1618 723 1670 serat
739 1608 984 1694 purgationes.
1036 1604 1205 1674 Deindeltt

60 1682 95 1747 sol
111 1687 225 1774 signum
247 1695 362 1773 intrat,
384 1690 473 1794 quod
493 1691 595 1778 Virgo
617 1689 749 1772 dicitur,
768 1714 851 1779 quae
872 1703 905 1759 et
926 1692 1047 1782 spicam
1068 1687 1164 1758 manu

59 1775 146 1857 teneus
165 1778 316 1866 pingitur.
372 1777 464 1843 Sicut
494 1777 576 1842 euim
604 1777 720 1843 nullum
754 1775 893 1844 fructum
927 1777 1027 1864 Virgo
1047 1775 1164 1859 reddit,

59 1852 94 1918 sio
120 1871 197 1928 terra
222 1863 407 1951 germinare
429 1862 497 1952 jam
529 1862 652 1930 desinit.
708 1863 753 1929 ut
788 1863 873 1950 apud
907 1862 1022 1930 multos
1058 1885 1164 1952 seges,
1210 1911 1212 1920 ,

57 1960 124 2088 puae
155 1949 238 2034 prius
274 1948 431 2036 surgebat
461 1948 495 2012 in
527 1948 643 2034 herba,
661 2011 663 2022 ,
683 1951 751 2038 jam
786 1949 970 2015 maturescit
999 1949 1031 2014 iu
1066 1951 1164 2036 spica.

80 2023 151 2110 lbra,
191 2057 276 2122 quae
313 2035 345 2099 in
385 2033 523 2100 trutinae
557 2027 699 2120 elligiem
738 2034 916 2099 deformata
949 2046 1017 2109 est,
1056 2037 1206 2122 aequi-ao

58 2115 200 2184 nocdalem
222 2120 341 2186 mensis
362 2117 440 2184 illius
457 2118 666 2221 parilitatem,
707 2119 740 2182 id
763 2132 813 2186 est
834 2121 1050 2207 Septembris,
1080 2143 1165 2207 quae

57 2190 94 2260 ΙΙΙ
112 2201 310 2273 calendarum
331 2201 522 2277 octobrium
545 2203 597 2268 die
618 2204 670 2274 lit.
702 2203 859 2288 designat.
911 2203 992 2270 Post
1011 2205 1093 2294 Scor
1115 2208 1165 2274 ius

57 2287 194 2369 sequttur,
216 2313 312 2380 quern
333 2288 534 2356 subtilissimo
554 2285 678 2355 caudae
707 2289 818 2354 aculeo
869 2307 994 2374 ungere
1020 2229 1165 2356 fabulan-

54 2374 107 2463 lssr.
142 2375 224 2462 quod
253 2374 337 2465 post‘
354 2374 535 2440 autumnale
562 2373 805 2464 aequinoctium
835 2310 971 2460 digeris
990 2373 1163 2468 molestias
1195 2395 1198 2400 “

54 2463 152 2522 nesure
170 2463 331 2528 sentimus.
376 2458 470 2526 Unde
489 2474 553 2528 est:
716 2529 719 2542 Ι
1167 2462 1205 2532 ab

121 2543 305 2610 Matutine
321 2566 451 2631 porum
471 2557 592 2610 cautos
612 2567 706 2609 nunc
718 2541 867 2629 frigora
883 2543 1051 2613 mordent.
1144 2557 1158 2605 ‘.

53 2619 162 2694 Deinde
182 2629 394 2718 ‘Sagittarius
435 2629 535 2696 solem
576 2628 705 2718 recipit,
744 2630 817 2716 quia
854 2629 955 2698 biems
987 2628 1163 2781 §readiness

52 2717 78 2771 tt
110 2724 310 2803 tempestates
347 2725 509 2802 tamquam
544 2717 677 2803 sagittas
713 2713 780 2802 jam
822 2715 924 2784 mittit.
1019 2728 1164 2783 raeterea
1285 2783 1289 2791 ,
1317 2790 1319 2802 Ι

53 2791 228 2881 Sagittarius
248 2805 285 2869 in
306 2801 441 2868 formam
463 2802 634 2867 humanam
656 2800 795 2866 anterius
817 2803 967 2889 erigitur,
1001 2802 1163 2891 posterius

50 2874 75 2940 i¹¹
93 2888 250 2968 pecualem
272 2887 484 2965 submittitur,
513 2886 714 2970 significans,
747 2885 846 2958 solem
871 2898 950 2953 tunc
969 2889 1121 2976 temporis
1142 2907 1205 2958 aaa

44 2951 186 3052 'supremis
206 2973 249 3040 ad
271 2972 425 3038 iuferiora
443 2968 618 3038 detrusum.
671 2969 767 3044 Quod
787 2971 819 3035 in
849 2973 1048 3060 Capricorno
1077 2997 1164 3060 ruys-

50 3047 132 3122 ticum
158 3059 347 3148 requiritur,
390 3057 489 3125 oculis
523 3057 617 3124 etiarn
650 3054 892 3142 deprehendere
924 3058 1077 3148 perfacile
1104 3070 1164 3126 est

48 3131 172 3225 Capram
194 3145 281 3210 enirn
301 3144 333 3209 iu
350 3139 517 3229 pascendo
540 3143 581 3210 ab
607 3141 677 3208 imis
706 3163 833 3229 semper
860 3143 923 3208 alta
950 3156 1063 3231 petere
1092 3144 1162 3231 quis

48 3225 174 3296 nesciaet
217 3230 276 3297 Sic
296 3227 330 3295 et
350 3228 476 3330 siguum
494 3227 557 3293 hoo
578 3227 677 3294 solem
699 3227 790 3293 uobis
812 3229 853 3294 ab
881 3228 991 3296 inseris
1019 3231 1162 3318 partibus
1243 3291 1246 3302 ,

47 3304 81 3370 td
99 3316 261 3401 superiora
280 3314 427 3394 remittrt,
459 3325 622 3400 transacto
641 3313 673 3377 in
694 3312 740 3376 lv
762 3312 811 3378 rel
830 3313 880 3379 Ill
902 3315 1027 3402 gradu,
1057 3314 1091 3380 id
1112 3327 1204 3384 estas
1227 3339 1228 3342 ¹

48 3387 100 3460 ΧΠ
119 3401 321 3468 calendarum
342 3400 563 3468 JanuarIarum
592 3399 645 3464 die
673 3396 806 3465 solstitio
836 3401 986 3481 brumali,
1020 3401 1103 3468 sicut
1130 3402 1162 3466 in

49 3471 340 3566 Cancrosaestiralh
371 3484 457 3550 unde
485 3497 519 3554 et
548 3485 612 3551 hoc
641 3485 770 3570 signum
800 3495 833 3551 et
857 3484 933 3551 illud
955 3497 1004 3554 tro
1028 3487 1096 3566 ica,
1127 3486 1163 3553 id
1224 3501 1227 3509 ¹

45 3573 87 3630 eat
102 3572 300 3636 conversiva
321 3595 341 3637 a
361 3571 491 3636 Graeco
511 3565 645 3656 τρόπος,
666 3569 701 3635 id
723 3579 772 3636 est
792 3571 982 3650 conversio,
1002 3510 1163 3653 dicuntur,

45 3652 119 3732 quod
138 3654 169 3722 in
190 3659 322 3734 Cancro
345 3677 364 3720 a
386 3655 601 3743 superioribus
623 3655 666 3722 ad
696 3654 866 3734 interiora,
897 3656 930 3721 in
961 3658 1161 3746 Capricorno

43 3733 77 3797 ab
95 3739 295 3808 inferioribus
316 3740 358 3808 ad
389 3741 555 3830 superiora
583 3752 798 3808 convertatur.
851 3740 933 3806 Inde
962 3743 1057 3810 etiam
1079 3745 1202 3811 haeeao

43 3813 99 3885 duo
123 3827 217 3911 signa
238 3824 416 3928 philosophi
438 3837 547 3915 portas
568 3828 642 3894 solis
656 3825 901 3914 appellaverunt,
923 3829 997 3915 quia
1017 3829 1050 3894 in
1072 3842 1161 3897 utro-

41 3925 95 3989 que
114 3913 262 3978 obviante
282 3911 415 3979 solstitio
437 3913 519 3991 ultra
541 3912 610 4001 ejus
631 3912 837 4001 prohibeatur
865 3934 1026 3980 accessus.
1078 3915 1162 4004 Pos-

40 3998 131 4060 trema
170 3998 293 4064 zodiaci
332 3999 357 4064 si
386 4019 442 4078 na,
483 3983 640 4086 Aquarius
673 4009 707 4066 et
736 3997 867 4079 Pisces,
903 4000 946 4063 ob
980 4000 1160 4071 imbriferos

39 4093 153 4147 menses
175 4096 250 4150 sunt
269 4015 434 4172 appeliata.
1039 4091 1042 4099 ‘

115 4167 173 4234 14..
208 4169 334 4235 Phoebi
369 4167 488 4236 tutelae
522 4189 652 4236 eorsum
685 4166 838 4257 deputant
872 4166 922 4234 rel
953 4170 1040 4260 quod
1072 4171 1199 4240 solusne

38 4249 208 4323 secundum
226 4254 433 4345 Fulgentiurn
456 4266 577 4323 contra
597 4276 706 4348 rerum
733 4265 879 4362 ncturpm
908 4253 941 4322 in
961 4256 1072 4326 mediis
1094 4259 1158 4324 ler-
1215 4285 1225 4292 ·’
