2716 4794
173 162 253 240 rso
473 115 1040 266 myrumnhsrmsrr.

365 417 369 424 .
472 345 564 421 172.
619 323 767 422 Aliou
804 346 1009 422 hesbin.

169 493 171 501 ’
259 473 354 542 Arion
378 472 515 541 Lesbius
535 472 737 542 citharoedus
760 473 896 564 optimus
919 474 985 542 fuit.
1029 472 1092 550 Qui
1123 491 1215 575 quum
1234 468 1289 569 'l'a3

175 571 265 626 rento
289 558 475 626 Corinthum
497 581 569 626 cum
585 558 695 626 multis
716 571 840 649 peteret
860 559 989 648 opibus,
1022 573 1055 629 et
1085 557 1142 624 sibr
1168 557 1199 622 in
1226 575 1298 624 man,
1342 606 1343 637 ,

175 645 263 714 tendi
285 667 304 710 a
326 645 428 711 nautis
449 643 576 712 insidias
598 643 727 728 videret,
757 645 856 732 petiit,
876 655 913 711 ut
933 645 1054 712 cithara
1074 641 1227 732 paululum
1247 661 1290 706 ca·

150 746 252 796 onere
273 731 332 796 sibi
351 729 471 798 liceret.
512 731 586 805 Quo
608 730 712 808 sacto,
745 750 842 819 quum
869 728 911 796 ad
939 729 1018 796 illins
1039 751 1150 798 sonum
1171 722 1291 811 delphini

166 816 411 896 convenissent,
442 815 581 883 excussit
608 838 645 881 se
668 837 765 904 snper
786 837 901 894 unum,
934 815 1029 886 etita
1052 815 1094 886 ad
1114 809 1292 880 Taenarium

174 901 246 972 litus
270 912 396 983 vestus,
417 899 580 973 imminens
603 901 708 970 vitavit
727 899 927 990 periculum
998 910 1004 917 ’
1050 905 1052 918 “

531 1087 623 1163 175.
676 1049 972 1163 Arethusa.¹

260 1215 416 1284 Arethusa
444 1213 620 1284 secundum
650 1215 769 1284 fabulas
794 1217 933 1286 venatrix
956 1215 1023 1284 snit
1068 1214 1162 1288 Quae
1182 1207 1252 1274 dum
1270 1225 1297 1269 se

135 1299 208 1366 lcin
230 1299 349 1389 Alpheo
384 1313 458 1389 post
490 1302 630 1368 laborem
659 1302 820 1386 ablueret,
857 1305 898 1370 ab
925 1325 964 1368 eo
997 1299 1148 1368 adamata
1179 1304 1241 1374 §³813
1256 1299 1299 1392 ,(ξῑ

175 1385 230 1451 diu
254 1383 396 1473 lugiens,
428 1385 560 1454 deornm
582 1388 783 1454 miseratione
803 1390 836 1454 in
859 1388 978 1454 sontem
1000 1395 1142 1465 mutata,
1169 1379 1209 1446 ad
1234 1381 1300 1444 Srcr-

174 1471 248 1538 liam
283 1493 343 1560 per
374 1485 517 1558 secretos
545 1472 639 1539 nenit¹
657 1484 789 1540 meatus.
840 1475 945 1548 Quam
973 1471 1116 1564 Alpheus
1145 1487 1241 1553 usque
1269 1458 1301 1527 ad

176 1556 315 1625 Siciliam
336 1556 451 1628 dicitur
471 1561 635 1649 persequi,
665 1571 698 1626 et
719 1558 812 1626 undis
833 1558 901 1648 ejus
923 1555 1133 1626 commisceri.
1209 1607 1211 1616 .
1265 1555 1272 1572 “

492 1722 585 1802 171.
638 1726 998 1828 Polyphemus.

136 1867 172 1920 ιο
263 1851 479 1942 Polyphemus
502 1851 641 2003 Cyclops
667 1853 784 1922 dicitur
809 1875 933 1923 amasse
946 1849 1134 1944 Nympham
1149 1843 1303 1919 Galateam.

176 1938 271 2014 Quae
292 1961 389 2026 quum
403 1940 487 2018 ¹Acin
509 1961 593 2028 quen
617 1961 666 2004 arn
691 1944 850 2026 pastorem
871 1952 1013 2020 amaret,
1033 1948 1071 2005 et
1091 1931 1304 2023 Polyphemum

138 2090 140 2104 ,
176 2035 360 2110 sperneret,
392 2021 443 2104 illo
468 2025 568 2091 iratus
590 2021 668 2089 Acin
690 2027 833 2106 necavit,
865 2026 918 2114 qui
951 2036 1067 2113 postea
1090 2019 1242 2085 Gahteae
1260 2031 1304 2109 np-

106 2177 108 2182 ,
176 2109 335 2175 seratinne
356 2109 388 2173 in
411 2110 531 2177 fontem
558 2121 696 2176 mutatus
725 2123 790 2189 ost,
823 2113 877 2199 qui
905 2105 1002 2176 hodie
1032 2109 1076 2188 ah
1106 2103 1208 2172 Acide
1228 2102 1307 2198 Acts

177 2196 367 2262 nominatur.
405 2194 637 2284 Polyphemum
660 2195 746 2262 multi
768 2195 878 2262 dicunt
897 2219 995 2262 unum
1017 2193 1152 2260 oculum
1172 2187 1309 2256 habnnse,

16 2295 22 2310 '
63 2276 69 2290 '
134 2280 228 2350 acalii
251 2280 349 2361 dnos,
378 2278 430 2344 alii
450 2293 533 2362 tres;
562 2281 649 2368 quod
671 2267 772 2348 lotum
796 2282 974 2348 fabulosum
996 2290 1057 2346 est
1102 2278 1189 2346 Nam
1213 2269 1261 2340 hic
1277 2265 1310 2329 sir

200 2364 438 2434 rudentissimus
467 2365 543 2442 fuit,
573 2368 626 2453 qui
655 2367 697 2431 oh
717 2367 780 2432 hoc
799 2368 924 2434 oculum
944 2367 977 2431 in
998 2365 1111 2452 capite
1127 2363 1220 2453 juxta
1241 2372 1310 2419 cere-

177 2389 270 2517 hrum
302 2451 455 2517 habuisse·
477 2450 612 2531 dicitur,
647 2451 722 2538 quia
752 2452 965 2540 perspicacius
995 2450 1192 2538 prudentia,
1233 2457 1311 2530 quau

179 2557 334 2622 corporeo
366 2535 480 2601 intuitu
511 2555 644 2610 canere
671 2533 846 2604 videbatur.
888 2538 954 2604 Hic
974 2537 1050 2624 qnia
1074 2537 1118 2602 ab
1142 2532 1236 2600 Ulixe
1255 2543 1313 2614 pru·

180 2620 289 2692 dentia
309 2619 538 2707 superabatur,
566 2620 609 2688 ah
638 2641 679 2689 eo
700 2634 849 2692 caecatus
872 2645 944 2690 esse
965 2619 1123 2710 fingitur.'

135 2804 175 2862 o
584 2787 678 2866 urs.
734 2747 920 2892 ceys.

262 2915 372 3006 Ceyx,
399 2914 481 2984 lilius
506 2915 670 2998 Luciferi,
702 2919 815 2988 habuit
836 2939 967 2984 uxorem
989 2915 1182 3004 Alcyonem.
1227 2918 1320 2998 Aqua

129 3013 132 3016 ’
170 3023 277 3090 vquum
306 3000 485 3090 prohibitus
518 3004 596 3074 isset
625 3005 684 3070 adv
701 3003 929 3074 consulendum
962 3000 1143 3089 Apollinem
1178 2999 1222 3068 de
1252 3007 1319 3064 statu

114 3103 119 3112 '
151 3087 270 3174 (regni
297 3088 362 3167 sui,
395 3088 565 3176 naufragio
591 3087 692 3177 periit
737 3091 837 3181 Cujus
866 3110 984 3176 corpus
1012 3110 1116 3175 quum
1138 3085 1184 3153 ad
1209 3103 1323 3154 uxoren

177 3173 350 3262 Alcyonem
381 3171 521 3252 delatum
554 3176 684 3256 suisset,
719 3175 769 3242 illa
802 3197 839 3241 se
866 3174 898 3240 in
931 3172 1065 3262 pelagus
1103 3166 1322 3274 praecipitavit·

135 3258 300 3326 :rcPostea
328 3258 530 3326 miseratione
559 3261 706 3329 'thetidis
735 3271 767 3328 et
793 3259 938 3326 Luciferi
967 3279 1115 3326 conversi
1147 3271 1228 3330 suut
1247 3254 1324 3324 ambo

178 3344 210 3410 in
234 3367 308 3412 aves
329 3343 502 3427 marinas„
518 3367 602 3434 quae
622 3345 771 3436 alcyones
793 3355 955 3413 vocantur.
1173 3339 1178 3348 '

548 3508 643 3585 176.
697 3509 972 3586 Aesacos,
1343 3557 1344 3588 ,

254 3611 407 3728 ¹Aesacos
436 3637 517 3705 filins
546 3637 669 3706 Priami
692 3638 759 3708 suit.
802 3639 868 3706 Hic
889 3660 925 3703 se
946 3611 1176 3725 praecipitavit
1199 3659 1222 3703 e
1242 3651 1334 3704 muro,

180 3747 242 3790 nec
262 3727 363 3813 periit.
405 3725 450 3806 Et
471 3745 568 3810 quum
589 3725 716 3812 saepius
740 3725 802 3790 hoc
824 3723 953 3796 faceret,
978 3721 1115 3786 deorum
1135 3723 1334 3802 miseratione

140 3812 214 3880 asin
230 3833 320 3880 ovem
334 3832 443 3878 versus
465 3819 530 3888 est,
553 3830 637 3896 quae
658 3809 831 3877 imitatione
853 3808 983 3898 pristina
1006 3805 1117 3875 adhuc
1141 3807 1237 3875 idern
1262 3797 1344 3872 lacit

464 3969 606 4065 ’177
662 3967 995 4077 Cyparissus.
1060 4068 1065 4073 .
1196 3961 1202 3974 ’

269 4105 481 4192 Cyparissus,
511 4102 674 4190 speciosus
705 4125 804 4192 puer,
826 4101 962 4169 olumin
985 4100 1061 4166 silva
1082 4115 1292 4181 venaretur,
1314 4091 1342 4162 'in

184 4211 327 4274 amorem
350 4193 401 4277 sui
422 4186 595 4276 Apollinem
613 4190 822 4286 compulima
837 4211 900 4275 quo
922 4187 1046 4275 accepit
1066 4207 1194 4256 munus
1220 4202 1344 4262 cerrum
