2716 4794
223 149 228 156 ⁸
331 156 514 306 uplinge
544 163 634 276 ru.-
668 199 723 280 a..
767 155 914 276 aaa]
958 201 961 206 ¹
1106 201 1187 280 rre

90 395 146 470 puto
168 385 391 456 feracissimam.
433 387 579 456 conditis
600 385 699 476 igitur
718 382 865 463 Athenis,
890 397 1054 456 auctorem
1073 409 1185 462 earum
1239 431 1241 436 ι

89 471 247 560 Cecropem,
268 471 354 540 urbis
369 476 427 539 has
442 473 534 562 duas
546 472 800 540 considerantem
815 474 1074 555 commoditates,
1095 473 1184 562 qnod
1264 525 1266 533 ι

87 555 204 623 videlicet
235 561 311 625 mari
340 559 483 626 viciniam
507 571 540 626 et
567 559 754 626 olivetorum
783 554 919 626 baberet
946 559 1184 642 abundantiam,

83 637 126 706 din
152 642 272 710 dubium
297 645 395 712 credo
422 646 581 724 extitisse,
623 647 664 710 ab
693 651 767 706 utra
792 662 829 706 re
850 644 965 711 civitati
987 667 1102 713 nornen
1122 646 1183 712 im-

81 735 207 880 illiti
226 731 655 884 fllidtttdtltt}
677 731 1092 901 &litttffil'tltt
1106 749 1209 886 *322⁶

872 864 882 894 Ὶ

79 899 170 964 urbem
196 900 318 968 videtur
344 901 529 970 intitulasse.
579 901 690 976 Quare
719 908 826 964 autem
858 899 960 966 olivae
978 901 1102 969 Palladi
1124 903 1183 971 de·
1253 942 1256 948 ι

78 993 221 1082 putentur,
243 987 274 1052 in
296 987 517 1077 sequentibus·
530 979 652 1073 audies.
694 983 774 1050 Ideo
799 987 907 1056 autem
928 1009 1046 1073 equum
1066 989 1201 1061 dieitur.

78 1071 207 1136 invenisse
226 1073 412 1162 Neptunus,
433 1071 520 1182 quod
542 1093 631 1136 mare
651 1068 767 1136 mobile
788 1070 829 1137 sit
848 1082 882 1138 et
901 1070 1009 1151 velox,
1039 1074 1126 1140 unde
1149 1087 1183 1143 et
1280 1091 1282 1100 ‘

78 1173 194 1221 oceanus
222 1156 337 1225 dieitur
364 1160 405 1226 ab
429 1154 512 1234 oeric
537 1159 684 1236 Graeco,
739 1153 804 1224 uod
823 1156 922 1221 velen
944 1157 1224 1246 interpretatur.10

80 1236 227 1327 Propterea
255 1245 368 1325 etiam,
396 1255 440 1312 ut'
460 1243 510 1310 ait'
537 1244 686 1319 Servius,
756 1251 843 1307 aster
866 1250 904 1307 et
926 1241 1058 1343 Pollup,
1091 1246 1182 1332 quod

83 1341 166 1392 eorum
178 1328 285 1396 stellae
297 1330 513 1396 velocissimae
527 1338 609 1407 sunt,
627 1349 726 1432 equos
738 1327 769 1398 in
780 1323 879 1392 tutela
891 1326 1011 1396 habere
1023 1327 1181 1396 dicuntur.

141 1415 165 1478 b.
198 1414 392 1504 Neptunum
420 1415 515 1481 etiarn
545 1415 705 1503 Harpyias
737 1412 849 1477 dieunt
876 1433 1062 1502 generasse.
1104 1415 1181 1503 lpse

85 1493 140 1562 tuln
163 1502 301 1570 omnium
330 1502 399 1566 fere
444 1499 642 1586 rodigiorum
665 1498 798 1586 lingitur
841 1509 919 1564 ater.
963 1499 1035 1566 Nec
1054 1500 1180 1581 mirum,

83 1599 151 1664 quum
181 1584 359 1652 secundum
389 1523 558 1654 wisteren
585 1584 741 1650 Milesium
761 1520 958 1650 exbursare
978 1586 1083 1654 omnia
1105 1603 1223 1674 pro-te

70 1681 204 1739 ,ereenbrn
244 1672 344 1738 Unde
371 1681 436 1741 est:
470 1670 714 1758 Oceanumque
732 1677 872 1756 petrem
892 1691 1020 1738 rerum.
1062 1672 1119 1740 Sic
1148 1684 1182 1740 et

81 1757 252 1896 pregnans,
287 1777 489 1846 quorumque
513 1776 576 1822 non
602 1755 745 1820 novimus
766 1755 900 1841 patriam
922 1765 955 1822 et
997 1756 1181 1838 arentelam,
1294 1763 1297 1772 ’

102 1843 189 1923 aptuni
215 1844 298 1909 lilios
331 1841 475 1910 dicimus.
517 1842 682 1931 Harpyiae
709 1849 817 1905 autem
846 1863 942 1907 canes
984 1842 1049 1909 eris
1072 1843 1181 1932 appel-

78 1915 170 2008 lantur,
209 1931 346 2017 (pirinei
377 1929 467 2017 ipsae
497 1927 618 1994 Furiae
647 1947 720 1992 esse
747 1925 908 1995 dicuutur.
961 1928 1181 1996 Unde-etiam

77 2009 160 2090 epulas
177 2011 328 2081 dicuntur
347 2014 512 2102 abripere,
534 2011 620 2100 quod
645 2023 695 2078 ast
714 2011 898 2080 Furiarum.
929 2013 1016 2094 Hinc
1038 2026 1071 2082 et
1094 2016 1223 2086 avariae

75 2091 224 2179 finguntur·
252 2097 372 2166 Furias
407 2099 497 2204 pati,
543 2098 618 2185 quia
656 2097 815 2163 abstinent
856 2097 964 2186 partis.
1025 2099 1182 2166 Fabulam

74 2178 136 2245 enim
155 2183 194 2248 da
215 2185 368 2272 Harpyiis
391 2207 438 2251 stc
466 2185 597 2271 exponit
626 2182 826 2267 Fulgentius.
869 2183 1103 2284 Harpyiarnm.
1133 2188 1181 2250 in'-

67 2263 138 2410 ¹ptuit,
156 2270 252 2356 prima
280 2269 383 2347 netto,
414 2269 555 2338 secunda
580 2269 747 2356 Ocypete,
776 2265 870 2332 tertia
890 2266 1007 2334 dieitur
1027 2270 1178 2337 Celaeno.

92 2363 138 2418 unt
162 2356 241 2424 enim
275 2365 341 2422 tres
369 2366 502 2422 tantum.
538 2353 692 2440 ’,Ἅρπυια
722 2351 822 2438 igitur
842 2351 971 2439 rapine
990 2355 1178 2458 interpretu—
1328 2437 1332 2446 Ι

70 2441 120 2499 tur.
153 2439 229 2509 ldeo
257 2441 401 2526 virgines
431 2443 616 2536 fingimur,
647 2436 735 2526 qnod
757 2436 857 2504 omnis
881 2437 991 2526 rapina
1011 2443 1123 2507 sterilis
1144 2454 1221 2514 etat
1301 2485 1303 2492 κ

70 2519 142 2588 arida
160 2527 205 2595 sit.
248 2525 330 2593 Ideo
352 2525 464 2615 plumis
494 2525 726 2602 circumdatae,
755 2525 831 2613 quia
857 2533 1002 2626 raptores
1025 2527 1179 2615 quicquid
1237 2535 1240 2542 “

67 2599 213 2687 invaserint
241 2613 357 2680 celant.
415 2611 495 2678 ideo
523 2610 680 2690 volatiles,
711 2607 798 2700 qnod
828 2630 929 2679 omurs
957 2622 1068 2700 raptor
1107 2624 1182 2701 post

67 2693 188 2844 titt?
209 2694 1180 2872 t.,itl{¹¹‘ltt.2³‘.iltlt¹¹⁸·sliltttlttdllt'?

178 2832 187 2863 r
553 2861 559 2872 ,
702 2830 712 2860 r
1166 2823 1200 2854 ’Χ

66 2873 200 2941 pretam.
248 2869 289 2936 ln
318 2867 434 2957 rapinis
469 2866 555 2934 euim
582 2863 768 2932 exercendis
796 2867 935 2956 primurn
964 2877 1013 2933 est
1041 2867 1222 2940 alienumao
1331 2917 1332 2938 2

66 2954 290 3041 concupiscere,
318 2950 507 3035 ,secundnm
539 2951 709 3019 conculta
734 2951 1064 3031 invadereptertinm
1091 2954 1181 3042 quod

66 3026 195 3104 invaseris
217 3039 342 3108 celare·
377 3041 452 3105 Hae
478 3038 622 3127 igitura
666 3031 826 3104 Phineum
849 3035 1044 3124 puniendum
1056 3041 1189 3105 missae

64 3113 219 3205 linguam.
262 3125 325 3192 Elst
345 3135 453 3192 autem
474 3123 556 3192 baec
577 3122 694 3189 fabula.
717 3122 879 3204 Phineus
899 3143 956 3188 rex
978 3135 1070 3192 natos
1091 3148 1179 3204 sues,

65 3202 98 3263 ab
117 3227 246 3278 noverea
268 3211 311 3276 de
331 3210 455 3277 incesto
471 3220 651 3288 accusatos,
673 3208 844 3276 luminibus
859 3207 1009 3296 privarit3
1029 3212 1071 3276 ob
1083 3233 1180 3298 qnam

65 3303 118 3352 teu
144 3293 243 3382 ipsum
294 3319 404 3384 neque
433 3297 581 3400 Jupppter
608 3295 766 3376 caecavit,
808 3299 849 3360 et
873 3293 1004 3381 insuper
1033 3296 1074 3362 ad
1105 3319 1220 3373 eumen

67 3375 256 3456 cruciandum
274 3319 439 3470 ldarpyias
461 3384 561 3463 misit,
595 3404 680 3468 quae
709 3381 799 3446 cibos
827 3358 896 3470 elus
925 3381 1179 3469 partimrapue-

66 3468 271 3554 conparium
296 3469 490 3534 stercoribus
511 3466 729 3548 foedaverunt.
771 3465 853 3533 Post
874 3471 980 3533 tamen
1003 3489 1024 3534 e
1045 3467 1127 3534 Zete
1146 3479 1180 3536 et

63 3538 154 3628 Calai,
181 3554 312 3619 Boreae
331 3553 419 3632 liliis,
456 3553 748 3641 aufugataesunte
1032 3577 1034 3584 ’

131 3637 159 3702 6.
202 3637 346 3705 Phineus
364 3639 478 3726 igitur,
501 3661 522 3704 a
533 3638 734 3722 fenerando
755 3635 877 3713 dictus,
900 3633 932 3702 iu
950 3633 1081 3704 modum
1104 3663 1179 3706 ava·
1245 3690 1250 3706 .
1281 3661 1285 3668 ’

60 3709 136 3782 litiae
166 3725 304 3808 ponitur.
345 3723 423 3792 Nati
449 3723 518 3812 ejus
540 3722 683 3801 divitiae,
718 3722 818 3789 multo
836 3721 945 3786 labore
969 3725 1220 3812 conquisitaero

59 3806 84 3860 tt
104 3804 219 3886 sollerti
240 3808 449 3875 sollicitudine
475 3808 558 3876 velut
579 3819 714 3898 paterna
739 3807 949 3875 nutricatione
969 3819 1115 3877 servatae
1143 3823 1177 3880 et

55 3879 202 3958 adauctae
230 3892 292 3962 diei
320 3894 475 3962 videntur.
516 3895 592 3962 Hae
619 3892 698 3959 dum
726 3894 758 3959 iu
790 3895 892 3959 bonos
920 3915 998 3960 usus
1024 3907 1099 3983 apte
1120 3919 1176 3964 er-

54 3973 243 4058 penduntur,
277 3990 310 4047 et
336 3981 425 4068 ipsae
448 3978 572 4066 fulgore
597 4001 657 4046 sno
679 3977 801 4044 clarere
823 3991 855 4046 et
877 3996 1079 4066 possessores
1101 4005 1176 4050 sues

54 4051 145 4124 claros
167 4063 275 4131 lacere
296 4083 357 4131 nen
379 4064 575 4133 dubitantur.
606 4066 716 4140 Quum
735 4083 811 4129 vero
835 4087 855 4130 a
876 4083 974 4152 prava
994 4069 1176 4150 tenacitate,

52 4159 127 4221 qrrae
146 4145 281 4217 idoneae
301 4150 543 4248 dispensationis
565 4171 702 4216 noverca
724 4159 782 4224 est,
807 4148 848 4216 ad
870 4148 1028 4218 sinistram
1050 4165 1173 4242 partem
1182 4171 1218 4224 tn

52 4229 270 4304 custodiendae
310 4239 414 4326 magis
452 4257 554 4327 *quarn
587 4231 819 4328 expendendae
853 4247 1075 4326 reponuntur,
1115 4261 1176 4350 nee
