2698 4804
50 238 54 246 ·
156 233 242 315 aaa
414 233 597 338 uryuogr.
633 237 706 310 ιιι.
759 235 800 310 e.
855 181 1050 350 la-ri.

245 419 344 488 Nam
364 419 449 508 quia
469 441 531 484 nec
551 416 629 503 lato
649 418 775 486 merita
796 439 857 482 uec
878 429 990 521 nrorte
1003 416 1155 505 peribat,

159 508 264 576 idest
288 503 428 572 naturali.
471 501 552 570 lnde
573 514 606 569 et
623 502 745 570 iridem
765 502 812 581 ei,
847 514 883 570 ut
910 524 991 570 mon
1020 504 1139 590 possit,
1179 503 1292 570 crinem

127 651 130 658 ,
161 593 239 660 lacit
257 588 463 670 abscindere,
492 587 677 677 Euripidem
707 589 860 668 imitatus,
900 589 954 675 qui
975 588 1168 656 Mercurium
1189 588 1292 656 itidem

162 698 288 744 comam
314 676 430 744 Alcesti
458 685 637 753 secantem,
675 674 749 763 quia
776 673 841 741 fato
867 671 970 741 mariti
992 675 1131 761 peribat,
1167 673 1292 743 inducit.

136 763 232 836 sNisi
253 761 337 830 euim
368 759 415 825 vel
438 759 564 830 Parcae
584 759 686 840 filum,
711 757 756 824 ‘in
784 781 848 847 quo
880 759 943 828 sita
964 760 1095 826 hominis
1127 760 1292 850 pendebat,

115 867 119 880 ¹
160 848 340 942 rupissent,
378 841 426 911 rel
444 841 642 936 Proserpina
669 865 786 911 nomeu
815 845 883 935 ejus
904 845 936 910 iu
958 857 1052 933 poste
1072 843 1157 934 apud
1177 846 1292 913 inferos

161 942 323 1014 nutasset,-
363 928 412 996 rel
438 932 557 998 cunam
579 928 621 996 de
648 931 754 1018 capite
782 929 988 1012 abscidisset,
1023 930 1072 997 sel
1099 931 1292 999 Eumenides
1343 985 1344 990 ,

160 1041 234 1087 eum
262 1015 409 1105 lampade
434 1015 638 1096 lustrassent,
684 1011 764 1086 mori
793 1015 862 1103 quis
893 1039 956 1082 non
992 1039 1086 1106 posse
1120 1015 1293 1083 dicebatur.
1323 1037 1325 1044 ’

90 1136 92 1148 r
161 1101 230 1171 Sed
251 1100 424 1204 etlapides
447 1102 587 1168 omnium
606 1102 638 1168 in
656 1123 734 1169 uma
756 1101 842 1189 apud
871 1101 991 1170 inferos
1011 1102 1147 1181 versari,
1185 1113 1218 1169 et
1237 1109 1308 1168 cu-'

120 1189 210 1294 1ojus
238 1187 316 1277 lapis
345 1208 433 1276 pnor
459 1187 576 1268 exiret,
613 1188 769 1278 priorem,
807 1187 899 1277 cujus
920 1187 1039 1265 serior,
1075 1187 1225 1256 seriorem
1251 1187 1293 1256 ad

97 1322 124 1348 f,
159 1275 278 1343 roseros
299 1270 497 1340 descendere
518 1284 709 1350 assererent.
732 1299 741 1322 ι’
1089 1332 1095 1343 ,

247 1363 297 1428 12
340 1357 473 1426 'l'alihus
499 1359 725 1446 figmentorum
756 1356 894 1426 ridiculis
923 1359 1056 1459 operam
1084 1379 1210 1447 semper
1236 1357 1292 1424 ad-

160 1445 262 1514 hibuit
288 1442 480 1512 inveniendis
504 1443 638 1532 pulchre
667 1442 804 1510 meudax
835 1445 975 1510 Graecia
1003 1452 1037 1509 et
1065 1443 1191 1531 poetica
1204 1451 1294 1528 ‘gar-

160 1533 287 1610 rulitas,
320 1547 447 1616 semper
470 1526 512 1594 de
534 1529 670 1598 falsitate
690 1539 811 1597 ornata.
854 1529 924 1598 Has
947 1533 1053 1610 autem
1074 1530 1184 1596 mortis
1207 1551 1292 1596 com·

119 1611 324 1693 sumenticias
347 1613 510 1682 dilationes
531 1616 572 1680 ab
595 1615 657 1683 hac
674 1637 712 1682 re
728 1625 815 1682 ortas
836 1613 961 1692 ferunt,
988 1612 1077 1702 quod
1100 1614 1194 1682 certis
1217 1637 1290 1681 con·
1345 1632 1346 1694 l

159 1699 391 1774 secretionibus
421 1699 564 1767 solebant
597 1700 733 1790 majores
768 1698 895 1780 lacere,
936 1709 972 1766 ut
1000 1697 1151 1768 adversus
1183 1722 1289 1767 omnes
1327 1735 1333 1747 ·

157 1791 308 1866 icaunae
331 1785 475 1874 impetus,
495 1797 603 1854 essent
629 1786 749 1854 muniti.
805 1784 879 1852 Nec
905 1796 1070 1872 poterant,
1097 1795 1133 1852 ut
1154 1785 1198 1864 ait
1218 1787 1289 1852 Ser·

60 1884 62 1894 '
157 1876 245 1952 sius,
274 1871 380 1950 mori,
407 1871 465 1938 uisi
487 1883 600 1940 exacta
620 1872 671 1938 illa
695 1871 944 1940 consecratione
1000 1869 1096 1938 Unde
1124 1869 1221 1953 circa,
1236 1872 1289 1936 Di-

159 1959 274 2026 donem
302 1956 363 2024 ista
394 1964 566 2024 serrantur.
622 1957 728 2023 Porro
763 1977 874 2022 urnam
907 1956 990 2022 illam
1024 1957 1129 2043 ipsum
1166 1955 1288 2045 quidem
1346 2018 1347 2042 ,

116 2041 315 2119 sumundum
335 2063 397 2108 non
420 2041 559 2110 absurde
581 2043 741 2132 accipiunt
761 2063 888 2129 semper
907 2042 1096 2109 titubantem
1127 2049 1160 2108 et
1188 2043 1286 2108 omnia
1346 2071 1347 2114 ᾗ

138 2127 339 2196 siersantem
374 2140 407 2195 et
435 2127 478 2194 ad
498 2128 617 2196 inferos
638 2149 860 2216 quoscumque
880 2137 968 2194 tenet
989 2127 1173 2194 mittentem.
1199 2125 1286 2194 Unde

158 2214 330 2284 Horatius:
369 2212 536 2280 Omnium
556 2226 718 2280 verentur
738 2235 848 2291 urna,
875 2207 987 2278 aerius
1008 2212 1103 2276 ocius
1124 2232 1198 2274 sors
1219 2212 1288 2277 exi·

159 2314 253 2368 turo.
296 2295 365 2366 Sed
386 2301 419 2367 el
438 2301 481 2367 ab
502 2299 631 2368 historia
652 2299 785 2366 ductum
807 2295 939 2374 videtur.
982 2296 1102 2386 Graeci
1124 2295 1226 2377 euim,
1257 2307 1298 2363 ut·

158 2386 295 2476 legitur,
322 2385 448 2472 lagatos
469 2385 619 2474 quopiam
640 2383 781 2463 missuri,
814 2393 919 2450 sortes
936 2380 969 2450 in
988 2403 1101 2451 urnam
1123 2382 1288 2470 ponebant,

89 2486 194 2545 'rtet
222 2495 303 2563 quos
339 2492 409 2538 sors
441 2468 635 2551 destinabat,
667 2469 841 2545 mittebant
895 2465 949 2534 De
977 2466 1105 2535 Didone
1132 2467 1289 2556 expirante
1347 2469 1348 2538 ἶ

159 2557 339 2660 dilapsum
368 2554 446 2624 dicit
474 2555 623 2644 Virgilius
655 2554 820 2633 calorem,
857 2575 914 2618 eos
945 2553 1102 2633 imitatus,
1142 2553 1199 2656 qui
1228 2553 1287 2620 aui·
1347 2585 1348 2608 ι

159 2667 245 2730 mam
267 2641 379 2708 dicunt
398 2640 537 2708 calorem
556 2661 646 2718 esse,
662 2721 669 2736 ι
688 2660 753 2726 qua
772 2636 963 2720 recedente,
985 2659 1103 2726 corpus
1123 2637 1240 2725 fuget,
1258 2649 1289 2702 et
1346 2711 1348 2718 Α

159 2729 199 2794 in
239 2736 358 2794 centos
392 2726 509 2792 'vitem
544 2745 740 2803 recessisse,
779 2722 813 2790 id
846 2735 895 2791 est
924 2724 1099 2803 animem
1136 2734 1175 2798 ut
1213 2722 1290 2802 alibi,

160 2824 344 2877 tenues-
363 2809 670 2892 arcesserevitne3
710 2819 767 2876 aut
790 2809 858 2876 illos
886 2819 1032 2889 secutus,
1073 2806 1127 2898 qui
1160 2809 1291 2876 animam

117 2899 269 2970 sonitem
288 2892 513 2975 dicunt,‘hoc
532 2906 598 2974 est,
626 2895 657 2961 iu
678 2895 841 2964 materiam
863 2917 953 2971 suam
973 2893 1098 2973 redire:
1131 2904 1188 2961 aut
1210 2903 1292 2962 certo

158 2980 356 3068 Epicureos,
400 2980 465 3070 qui
497 2980 632 3049 ammam
671 2981 782 3048 dicunt
814 2980 920 3071 perire
958 3002 1031 3047 cum
1072 2987 1292 3069 corpore,'ut
1346 3023 1348 3030 ·

157 3063 374 3153 intelligamus
409 3068 543 3136 evanuit.
614 3067 667 3136 Ob
705 3089 812 3155 quam*
839 3087 907 3136 rem
947 3063 1124 3138 secuudum
1165 3063 1292 3134 eosdem

159 3150 367 3222 dictumest:
402 3151 537 3218 Facilis
548 3151 698 3241 jactura
717 3150 882 3240 sepulcri.

246 3237 297 3306 13.
341 3237 424 3306 Eam
445 3231 541 3310 etiam
570 3237 654 3304 inte'r
677 3235 808 3306 exordia
839 3233 987 3314 conditae
1008 3232 1216 3322 Carthaginis
1238 3235 1292 3300 le-

3 3393 5 3402 ,
115 3345 240 3402 asneae
259 3333 414 3422 nuptam:

241 3406 458 3498 frugiferae
479 3405 613 3488 Cereri,
646 3403 1032 3508 Phoeboquepetriprre
1058 3405 1190 3493 Lyaeo,

137 3496 278 3580 ,Junoni
298 3515 374 3562 sero
396 3503 470 3561 cute
492 3513 601 3560 omnes
622 3491 854 3575 sacrificantem
880 3489 1019 3566 inducit3
1054 3489 1167 3556 Cereri
1189 3488 1294 3558 videli-

160 3592 230 3665 cet,
259 3591 295 3648 ut
316 3581 446 3666 frugum
466 3587 607 3666 praestet
634 3574 877 3659 secunditatem
910 3575 1066 3654 Phoebo,
1095 3576 1171 3663 quia
1192 3573 1293 3663 auspi-

160 3668 234 3749 ciis,
270 3677 308 3734 ut
341 3686 439 3752 supra
476 3661 625 3744 diximus,
663 3667 808 3750 praeest,
844 3661 959 3753 quihus
991 3661 1087 3726 urbes
1121 3673 1296 3747 regnotum

4 3787 6 3826 r
119 3753 291 3842 schyaeo,
325 3751 358 3819 id
381 3760 432 3817 est
451 3749 600 3830 Baccho,
635 3747 705 3837 qui,
736 3760 773 3816 ut
800 3749 832 3814 in
864 3745 1078 3836 sequentibus·
1099 3742 1296 3820 docebiinus,

162 3851 237 3942 apte
264 3837 395 3906 urbibus
419 3834 570 3902 libertatis
593 3844 642 3904 est
664 3832 756 3902 deus.
800 3832 893 3903 Unde
910 3844 948 3900 et
967 3831 1123 3921 Marsyas,
1147 3831 1219 3933 ejus
1244 3829 1296 3928 mi:

161 3936 276 4004 nister,
298 3935 348 3992 est
368 3922 400 3988 in
424 3921 599 3990 civitatibus
627 3919 779 3989 libertatis
807 3918 967 3986 iudicium.
986 3965 988 3974 .
1008 3915 1103 4017 'Nom
1134 3909 1253 3994 diuelli
1273 3934 1298 3978 ss

160 4009 193 4076 in
219 4011 344 4114 urbium
363 4005 517 4130 primitiis
536 4007 739 4125 invocentur,
771 4005 814 4076 nd
835 4006 988 4095 privatam
1008 3998 1042 4067 rd
1062 4002 1203 4093 pertinet
1224 4019 1297 4070 cau-

119 4093 482 4274 asangprtlpppdgpie
500 4197 633 4253 omnes,
665 4175 724 4242 cui
745 4172 862 4278 vincla
876 4136 1023 4324 inpoliti
1045 4188 1161 4232 curae.
1204 4229 1210 4236 ,

161 4265 313 4342 Quamvis
334 4262 417 4333 euim
438 4263 484 4330 rei
515 4261 661 4354 publicae
689 4257 805 4332 utilitas
839 4257 1053 4334 sinuaretur,
1093 4261 1163 4320 erat
1195 4261 1298 4320 tamsn

386 4465 391 4478 x
409 4427 420 4464 Ι
