2716 4794
232 205 277 267 '·
321 239 507 342 nysam.
536 223 610 314 ut.
664 237 705 314 a.
744 232 924 319 ,ὅς-4.·
1103 234 1189 340 *uon
1235 313 1237 318 ,
1311 265 1314 276 s

83 417 183 504 pultine
207 419 329 503 iratum,
362 419 457 510 qnod
477 421 592 490 iratum
619 423 732 490 Ju'rem
753 423 838 489 Juno
859 423 1043 494 mortalibus
1068 424 1181 512 placat,

82 525 192 592 eumque
212 529 230 572 a
252 529 314 583 sua
337 507 495 596 sententia
524 519 661 576 revocat.
717 507 800 576 Nam
829 511 917 578 lovis
950 511 1015 579 sive
1035 511 1182 599 luppiter

79 589 194 674 ipaeest
211 593 346 673 aether,
373 595 459 676 luno
479 615 555 660 rero
576 595 649 661 ner.
689 595 798 668 Quum
815 617 895 682 ergo
917 609 1015 676 terra,
1036 619 1181 664 maruan·
1249 636 1257 660 a

77 675 145 740 tibus
178 675 279 746 hieme
312 678 501 759 seminibus,
543 677 667 749 solitum
697 685 811 766 poseat
838 705 858 746 a
886 683 986 760 Jove,
1018 683 1050 748 id
1073 694 1182 750 estex
1232 699 1254 704 ”

76 760 204 827 aethereo
223 763 327 850 igue,
350 765 542 846 tonantum,
561 785 624 830 nou
649 764 739 834 aliter
761 778 868 833 tamen
888 767 952 834 hoo
972 770 1044 836 lieri
1063 779 1206 856 potest,5

72 845 119 910 nisi
136 845 344 938 interoedenta
364 861 397 918 et
417 851 509 954 quasi
529 849 690 918 mediante
707 851 853 928 Junoue,
883 849 917 916 id
940 865 988 920 est
1013 859 1106 936 atre,
1129 854 1184 940 qni

72 930 189 1082 peiorem
207 935 348 1003 aetherei
370 936 454 1024 ignis
475 936 669 1025 suscipiens,
689 949 796 1005 terrae
815 935 942 1018 politam
965 939 1060 1006 allent
1074 939 1184 1005 leaun-
1223 959 1225 963 ·

93 1027 194 1086 statem
369 1077 370 1082 ,
724 1039 727 1064 ²
1098 1031 1101 1044 '

139 1105 167 1171 3.
205 1107 318 1176 lovem
340 1107 435 1174 etiam
454 1108 554 1176 latum
576 1105 710 1194 deorum
732 1107 868 1197 appellat
897 1107 1083 1175 Martianus.
1118 1109 1185 1194 lies

72 1187 138 1254 euim
164 1189 301 1274 divinus,
329 1192 365 1259 id
396 1205 447 1260 est
475 1195 681 1284 superiores,
717 1199 778 1281 per
807 1218 844 1261 se
873 1194 994 1283 ipsum;
1031 1195 1229 1280 humanasw
1263 1227 1266 1236 =

74 1295 146 1355 uero,
169 1277 203 1344 id
232 1294 284 1347 est
303 1277 489 1361 inferiores,
508 1300 570 1370 par
589 1280 657 1346 fata
676 1271 792 1348 dieitur
813 1278 971 1347 ordinare.
994 1278 1115 1370 liujus
1139 1281 1186 1344 rei

78 1355 139 1425 lano
162 1354 327 1432 reddimds
359 1384 505 1446 oausam,
545 1365 634 1454 quod
666 1365 736 1432 talis
766 1378 938 1454 tantaeque
968 1374 1103 1432 naturae
1137 1377 1187 1432 est
1230 1368 1235 1376 '

80 1445 177 1542 aether,
198 1451 254 1604 ppi
274 1449 477 1518 inferioribus
499 1471 563 1518 uun
582 1449 744 1554 indigeat,
772 1463 805 1518 et
827 1473 894 1540 quo,
912 1449 1081 1538 indigeant
1101 1449 1151 1514 inf
1167 1485 1186 1501 -

79 1549 145 1598 uum
234 1535 308 1602 ude‘
336 1547 370 1602 et
408 1536 558 1605 inferiora
596 1539 688 1602 varnis
720 1535 948 1604 elementorum
978 1535 1185 1613 adminiculis,
1229 1563 1233 1568 ¹

94 1635 138 1682 aaa
155 1641 211 1707 per
233 1623 303 1690 sata
321 1619 417 1688 intelli
445 1631 557 1704 untur,
580 1622 772 1704 subsistam
801 1625 966 1712 superiora
989 1645 1065 1687 vero
1086 1621 1184 1689 solius
1197 1655 1229 1701 Μ

78 1713 183 1792 naturae
211 1725 295 1776 suae
333 1643 504 1776 stantiam
527 1708 570 1776 ad
602 1731 638 1774 se
669 1708 889 1798 conservanda
922 1715 1071 1775 contenta
1102 1717 1187 1773 sunt.

77 1783 198 1879 Namque
213 1792 306 1882 quod
320 1792 433 1860 Jorem
444 1799 561 1883 peritae
572 1793 744 1882 benignum
760 1804 884 1875 vocant,
905 1793 946 1862 ad
968 1793 1087 1862 stellam
1110 1793 1189 1882 ejus,

75 1893 137 1958 quau
156 1879 304 1948 salutaris
319 1889 352 1946 et
373 1879 635 1968 temperatissima
653 1893 720 1961 est,
750 1881 900 1948 alludunt.
932 1880 988 1950 llla
1007 1880 1089 1945 enim
1109 1880 1190 1945 inter

73 1954 203 2030 Martem*
215 1966 327 2056 posita
353 1975 386 2032 et
406 1965 597 2045 Saturnum,
621 1967 662 2033 ab
686 1975 822 2056 utroque
845 1967 1029 2054 temperiem
1052 1963 1189 2032 mutuari

70 2055 195 2132 potatum
227 2075 248 2118 a
278 2049 385 2120 Marte
407 2051 560 2120 ridelieet
584 2051 741 2132 ualerem,
774 2054 956 2120 aSaturno
978 2072 1053 2115 vero
1076 2051 1233 2139 humo-20

69 2149 124 2196 rum
142 2136 343 2206 manahem.
376 2136 462 2204 Hine
475 2136 642 2226 Virgilius:
671 2137 832 2223 Adspice·
848 2159 932 2213 nos;
955 2135 1016 2199 luno
1039 2147 1190 2198 tantum.

69 2214 145 2288 Quos
162 2222 247 2290 euim
264 2219 396 2289 ¹Jovialia
412 2220 521 2290 stellae
536 2221 715 2292 alflaaerint
728 2219 819 2302 radii,
844 2219 1066 2310 proculdubio
1081 2221 1192 2286 vivent
1215 2261 1218 2276 .

65 2297 140 2370 Idem
174 2307 270 2376 alibi:
310 2306 440 2374 Oeuloa
460 2307 697 2373 dluctutloru'm
727 2305 845 2394 rejicit
873 2305 992 2372 arvisr
1031 2303 1095 2370 hoe
1132 2317 1192 2385 est,

62 2389 258 2482 respiciendo
278 2404 403 2481 partem
422 2392 505 2460 illam
527 2392 603 2461 feeit
625 2389 807 2459 feliciorem.
851 2389 909 2482 Sia
938 2389 1033 2457 etiam
1050 2389 1109 2456 ‘de
1133 2411 1192 2456 uu-

61 2474 133 2540 mine
147 2479 286 2548 inserto.
319 2478 576 2547 armentarium
597 2475 734 2566 legitur:
855 2524 858 2542 .
1162 2497 1233 2564 ’,ὅ

133 2563 232 2631 Divo
259 2501 330 2628 eolo
341 2561 441 2652 fisos
465 2561 725 2630 uculos'aversa
747 2561 895 2628 tenenat.
1107 2642 1116 2659 .
1171 2627 1175 2635 ,

61 2643 136 2714 Hine
157 2662 190 2717 et
210 2653 317 2718 iratos
349 2648 459 2730 deum·
478 2669 607 2717 aversus
642 2647 795 2730 dicimus;
826 2660 862 2716 ut
897 2659 930 2714 et
957 2641 1075 2712 ibidem
1102 2653 1194 2741 parata

60 2729 205 2802 Seruium.
256 2732 313 2801 Ne
334 2757 379 2800 ue
405 2735 499 2802 enim
525 2759 588 2817 ae,·
608 2735 725 2822 inquit,
758 2743 953 2800 convertere
970 2741 1111 2820 poterat
1144 2751 1196 2795 aa·
1228 2731 1231 2746 '

59 2819 265 2889 mulacrum.
307 2757 490 2888 deatum*
738 2861 742 2872 ·
844 2847 847 2858 s
1070 2817 1075 2853 r
1118 2897 1120 2910 s
1160 2833 1161 2836 ’

139 2905 250 2972 Talia
273 2905 447 2970 dicentem
459 2903 674 2990 jamdudum
695 2925 819 2971 aversa
842 2911 972 2968 tuetur.
1182 2916 1237 2991 ''a'u

58 2983 225 3058 Quomodo
248 2990 333 3058 euim
353 3010 507 3056 aversam
520 2989 576 3057 nisi
597 2991 712 3058 iratam
732 2987 914 3074 inteiligas?
954 2985 1027 3051 Nea
1049 2983 1194 3050 videatur

58 3091 124 3140 esse
144 3076 365 3154 eontrarium,
395 3073 543 3164 quanin
570 3089 686 3164 quarto
712 3063 889 3152 Aeneidos,
920 3073 1002 3136 Jove
1024 3071 1133 3138 oeulos
1152 3068 1218 3135 ad'

56 3162 176 3228 moenia
201 3160 414 3248 Carthaginis
436 3167 622 3250 torquentes,
655 3173 692 3232 ut
721 3159 796 3227 inde
825 3158 919 3248 pellat
940 3162 1098 3238 Aeneam,
1113 3177 1196 3224 -om-

57 3243 104 3308 uia
123 3247 369 3316 conturbantur.
411 3250 550 3314 Aeneam
580 3248 665 3317 euim
694 3259 731 3314 et·
750 3244 912 3315 Didonem
933 3265 952 3310 a
974 3243 1060 3330 turpi
1075 3241 1197 3308 liberat

57 3327 143 3400 lama.
190 3333 293 3402 Unde
313 3331 472 3421 sequitur:
796 3371 799 3376 ·
861 3339 866 3357 ’
946 3351 949 3360 ’
1084 3355 1086 3364 ’
1186 3371 1235 3420 ,5

134 3457 177 3472 -
211 3431 252 3486 et
267 3416 394 3483 obtima
407 3417 535 3504 firmae
555 3417 711 3484 melioris
731 3427 901 3482 amandes.

61 3499 149 3572 Quod
186 3518 301 3573 autem
343 3501 472 3569 fulmina
510 3513 543 3570 et
586 3503 725 3572 tonitrua
755 3503 874 3581 mittat,
895 3501 957 3563 'ob
987 3497 1051 3563 hoo
1087 3495 1197 3560 fiotum

57 3587 196 3672 videtur,
244 3591 319 3680 quia
353 3589 435 3654 hauc
473 3588 605 3679 physion
637 3590 760 3656 ratione
790 3611 810 3656 a
841 3584 1060 3674 superioribus
1091 3581 1199 3648 uenire

56 3678 261 3746 manifestum
283 3685 342 3741 est
384 3675 486 3744 Haec·
500 3685 607 3741 autem
626 3700 647 3741 a
666 3677 793 3743 sinistra
813 3687 904 3762 purte
926 3666 1100 3744 uenientia,
1123 3685 1198 3770 pro·
1219 3749 1220 3752 Ἴ

54 3781 146 3846 spera
169 3761 342 3839 nuntiant,
374 3761 447 3848 quia
468 3781 552 3847 quae
573 3760 701 3830 sirdstra
723 3761 813 3826 nobis
837 3757 982 3823 videntur
1002 3753 1246 3844 ivutuentrbusup⁴

56 3847 196 3927 eaelum,
220 3846 284 3914 illie
304 3846 443 3934 dextera·
455 3857 546 3928 aunt;
579 3869 644 3912 nou
666 3845 752 3937 quud
769 3845 896 3914 sinistra
916 3842 1002 3909 bona
1018 3848 1110 3912 sunt,
1140 3837 1200 3902 sed

53 3934 137 4018 quod
169 3933 310 4000 dextera
343 3930 422 3998 uaeli
452 3932 692 4000 nobissinistra
720 3943 802 4000 sunt
839 3926 1017 3994 ¹Sinistrum
1046 3923 1129 3990 enim
1158 3921 1201 3998 de
1289 3998 1294 4011 .

39 4018 318 4170 uebnsl'terrenis,
337 4011 578 4098 adversitatem,
607 4017 650 4084 da
678 4016 869 4086 caelestibus
897 4031 1054 4101 prospera
1074 4007 1199 4075 deuon·
1260 4096 1263 4100 r

47 4103 127 4172 tiare
174 4103 297 4171 eitun.
529 4161 530 4166 ,
611 4125 645 4143 ·’
726 4114 730 4124 ’
788 4111 802 4160 ’-
851 4113 866 4156 '-

133 4192 169 4256 4.
195 4125 414 4263 glluudrero
437 4188 573 4278 aquilam
595 4189 664 4278 ejus
692 4187 848 4276 deputant
871 4180 1008 4262 tutelae,
1029 4204 1125 4270 quam
1148 4199 1241 4250 re-nu

46 4272 110 4344 fert
141 4271 259 4345 fabula
277 4275 350 4379 luri
362 4287 474 4344 ouutra
486 4274 646 4362 Gigantes
662 4272 822 4341 dimicanti
846 4269 975 4338 fulmina
988 4268 1199 4342 ministrasse,

251 4385 253 4390 ’
766 4423 768 4430 ,
795 4385 836 4450 ll
