2716 4794
305 191 600 294 ,uyruupn
646 139 906 266 ror-iss.
1111 195 1214 308 rar,

973 337 977 370 i

79 375 255 457 Cerberum,
281 376 364 456 haec
384 389 433 447 est
453 378 552 458 ratio,
583 377 657 466 quia
678 397 718 444 cu
741 373 868 460 iditates
890 399 999 448 omrtes
1020 392 1191 456 secaneos
1247 431 1252 447 ι
1335 367 1341 384 .

76 462 131 528 vitia
151 474 277 532 terrena
299 463 466 532 contemsit
482 476 517 531 et
543 461 675 535 domuit.
758 486 809 529 am
830 466 992 536 Cerberus
1012 481 1063 540 est
1093 484 1190 553 terra,

73 548 253 614 consumtrix
289 550 428 616 omnium
466 571 656 638 corporum3
700 547 787 614 unde
818 561 851 618 et
878 549 1189 640 Cerberussdictus,

70 635 150 719 quasi
169 627 363 721 κρεοβόρος,
392 635 426 702 id
457 647 507 702 est
533 657 673 700 carnem
703 655 838 700 vorant.
889 635 986 704 Unde
1015 641 1133 730 legitur
1155 645 1186 710 in
1226 641 1232 656 ‘

67 719 207 806 Virgilio:
243 718 335 784 Ossa
362 741 465 822 super
492 718 677 803 reoubqnm
714 741 788 785 narn
821 739 950 790 carnem
977 726 1069 794 citius
1101 735 1210 798 terret

66 826 152 891 quam
173 826 246 870 ossa
265 817 430 872 consumit.
473 805 614 892 Propter
624 826 726 892 ouem
749 803 996 890 detrahendum,
1033 814 1189 903 simulque

32 939 34 946 .
64 889 97 956 ad
129 886 315 978 rapiendam
342 891 569 980 Proserpinam
602 911 699 978 quum
733 889 852 958 inferos
880 892 998 974 adiret,
1022 899 1188 987 'fatigatus

64 974 198 1055 labore,
217 974 302 1042 sacta
334 977 393 1044 sibi
427 977 564 1067 populea
598 997 735 1055 corona,
779 987 876 1066 caput
912 978 1032 1046 velasse
1062 984 1188 1056 dicitur.

62 1061 150 1127 Unde
171 1059 316 1126 foliorum
348 1085 424 1152 pars
449 1063 600 1142 interior,
635 1060 830 1148 temporibus
865 1062 1054 1146 cohaerens,
1092 1073 1189 1160 capiti

64 1148 205 1213 sudorem
227 1145 341 1227 abluit3
363 1171 437 1239 pars
459 1148 693 1224 rero'exterior
713 1159 844 1236 propter
860 1149 1033 1218 inferorum
1048 1155 1237 1232 coloremro

67 1233 146 1319 nigra
164 1233 347 1321 permansit
390 1235 495 1310 Quem
515 1236 590 1322 quia
620 1234 752 1300 Charon
781 1245 879 1303 nauta
906 1240 1065 1326 suscepit,
1104 1265 1188 1312 anne

29 1335 32 1346 ·
70 1317 179 1406 integro
203 1317 235 1382 in
257 1319 464 1408 compedibus
486 1321 554 1388 suit.
595 1319 663 1386 Sed
696 1319 853 1388 Hercules
876 1321 1022 1408 quidem,
1058 1325 1189 1416 objecta

70 1403 117 1472 sibi
134 1405 287 1492 Megaera
308 1426 328 1470 a
347 1407 492 1488 Junone,
519 1403 635 1477 dicitur
657 1405 786 1474 territus
806 1405 1017 1477 exhorruisse.
1099 1489 1102 1496 ¹
1148 1473 1151 1482 ,
1175 1418 1177 1426 “

412 1595 504 1674 rer.
565 1557 816 1674 numeres.

131 1725 326 1808 Diomedes,
359 1747 416 1793 rex
437 1725 620 1805 Thracum,
662 1725 772 1794 habuit
802 1749 920 1816 equos,
955 1729 1009 1818 qui
1037 1727 1229 1803 humaniore
1332 1768 1334 1778 ι

65 1815 196 1883 carnibus
221 1815 440 1882 vescebantur.
463 1814 591 1889 .Quum
614 1812 701 1880 multi
735 1833 809 1878 vero
831 1813 900 1917 ejus
920 1813 1057 1904 hospitio
1078 1817 1186 1910 hospi·

63 1912 100 1967 tes
119 1900 315 1980 interissent,
347 1895 506 1966 Hercules
526 1901 580 1991 *ab
606 1921 646 1964 eo
674 1899 708 1964 in
736 1896 907 1989 hospitium
937 1914 1108 1990 receptus,
1145 1897 1186 1972 ne

60 1987 225 2052 abeodem
247 1987 476 2052 circumventus
520 1985 633 2066 eriret,
656 2007 728 2050 eum
750 2007 904 2074 equorum
925 2009 1055 2056 suorum
1106 1991 1221 2074 abu,

58 2068 113 2138 lum
134 2073 228 2154 fecit3
253 2084 286 2141 et
305 2093 405 2160 equos
427 2093 481 2136 eos
507 2093 569 2152 em,
593 2071 700 2135 occiso
719 2070 840 2138 orudeii
860 2082 873 2140 t
896 2091 1006 2154 ranno,
1028 2075 1068 2140 ab
1095 2077 1212 2144 uctos'

59 2157 93 2224 ad
111 2158 202 2225 solita
222 2156 346 2247 pabula,
367 2155 468 2224 idest
488 2154 531 2222 ad
553 2157 707 2243 gramina,
730 2155 851 2224 mollita'
867 2096 993 2225 iyeritate
1012 2161 1222 2242 revocaritao

58 2255 88 2312 et
103 2243 162 2312 filio
183 2266 243 2313 suo
265 2242 397 2310 Chromi
418 2241 583 2310 habendos
606 2241 773 2310 concessit

354 2437 358 2450 ‘
420 2424 513 2501 152.
567 2426 803 2528 Geryon.

130 2555 263 2646 Geryon
291 2575 347 2622 rex
380 2554 440 2623 suit
465 2555 640 2645 Hispaniae
665 2552 873 2635 trimembris,
919 2573 1032 2620 canem
1060 2553 1183 2624 habens

50 2636 222 2730 bicipitem,
255 2663 350 2729 quern
371 2641 547 2723 Hercules,
579 2641 620 2707 ad
643 2663 716 2708 eum
737 2641 797 2707 olla
818 2661 915 2707 aerea
934 2650 1064 2719 rectus,
1095 2644 1183 2708 occi-
1240 2645 1269 2676 'i
1327 2645 1330 2656 '

48 2723 100 2792 dit
140 2725 220 2793 ideo
240 2741 346 2794 autem
367 2727 463 2795 ternis
483 2727 631 2794 membris
659 2725 824 2814 fingitur,
862 2728 914 2793 uia
940 2726 1041 2794 tribus
1072 2726 1225 2795 insolitae

48 2811 198 2898 praefuit,
230 2836 313 2901 quae
334 2813 497 2902 subjectae
519 2823 594 2878 sunt
621 2812 814 2900 Hispaniae,
875 2811 1031 2878 aiearicae
1061 2815 1183 2904 majori,

48 2897 173 2978 minori,
202 2911 235 2966 et
257 2899 418 2990 Pityusae.
462 2899 515 2964 Ob
536 2898 600 2963 hoc
617 2897 711 2962 etiam
734 2897 867 2983 fingitur
888 2897 950 2963 bici
971 2899 1048 2965 item
1070 2921 1183 2966 canem
1211 2905 1217 2920 ’

48 2980 209 3064 habuisse,
241 2986 315 3073 quia
336 2983 531 3052 etierrestri
552 2994 585 3049 et
606 2981 706 3051 norati
727 2982 900 3051 certamine
925 2921 1093 3072 piissimum
1147 3007 1183 3050 o-

46 3067 110 3133 tuit
150 3070 249 3137 Hunc
269 3070 427 3137 Hercules
448 3069 541 3152 vicit,
563 3069 724 3156 bovesque
745 3069 813 3157 ejus
835 3067 976 3135 abduxit.
1019 3070 1084 3146 Qui
1104 3009 1181 3137 uiso
1254 3093 1257 3104 ·

46 3151 171 3240 fingitur
193 3154 236 3222 ad
255 3179 336 3222 eum
359 3155 418 3222 oiia
442 3177 538 3242 aerea
558 3165 772 3235 transvectus,
808 3151 897 3242 quod
927 3153 1040 3221 habuit
1063 3177 1221 3229 navemso

47 3235 156 3306 fortem
195 3253 229 3310 et
261 3262 339 3308 aere
370 3243 533 3317 munitam.
587 3240 764 3320 Revertens
799 3251 906 3306 autem
942 3239 1101 3308 Hercules
1138 3240 1182 3308 de

46 3321 196 3409 Hispania
223 3349 283 3416 per
313 3329 541 3417 Campaniam,
562 3325 618 3402 ,in
655 3326 795 3415 quedam
824 3325 950 3394 civitate
982 3327 1064 3392 Cam
1088 3325 1181 3394 aniee

48 3425 188 3495 pompam
223 3413 275 3479 sui
308 3407 462 3500 triumphi
493 3411 649 3491 exhibuit,
692 3435 730 3478 ex
766 3409 1041 3502 qua'Pumpejae·
1064 3349 1181 3479 iicitur

47 3490 159 3562 civitas.
200 3499 323 3566 Postea
327 3499 430 3650 ἑιυιῐα
450 3499 547 3649 Bppas
570 3497 692 3563 caulam
715 3498 818 3564 bobus
840 3496 936 3573 fecit,
959 3507 992 3563 et
1013 3519 1084 3562 earu
1106 3499 1218 3586 sepsii

43 3574 92 3642 sit.
135 3581 197 3657 Qui
219 3584 309 3651 locus
358 3583 461 3651 oauiia
505 3583 586 3652 ictus
608 3594 673 3650 est:
702 3605 775 3650 nam
796 3582 892 3648 hodie
913 3581 1015 3648 Boale
1035 3589 1220 3650 nouatuitao

43 3657 170 3823 3?de
183 3669 228 3738 'ad
247 3668 370 3740 Italiam
392 3667 539 3752 veniens,
569 3667 610 3734 ab
630 3667 782 3762 Evandro
802 3669 835 3736 in
857 3667 1026 3758 hospitium
1046 3665 1178 3760 suscep-

398 3914 492 3994 155.
553 3919 822 3994 Evander.

15 4023 16 4026 Ἴ
120 4027 281 4115 Evander¹
303 4049 403 4130 Arcas
437 4047 515 4128 tuit,
553 4071 653 4136 nepos
682 4043 852 4124 Pallantis,
892 4025 980 4131 re'gis
1002 4043 1176 4138 Arcadias.

17 4123 101 4194 'Hic
124 4147 248 4221 patrem
269 4155 362 4200 suum
385 4130 503 4204 occidit
530 4133 704 4220 (suadente
732 4143 833 4199 matre
852 4127 1056 4207 Nicostrata,
1091 4150 1219 4220 quaeso

36 4213 131 4284 etiem
154 4221 335 4290 Carmentis
355 4217 440 4288 dicta
468 4227 537 4300 est,
571 4220 646 4309 quia
673 4212 889 4284 carminibus
917 4214 1174 4316 rat'oinab'atur)q
