2786 4800
461 179 645 284 Mplbogr.
672 183 707 256 1:
759 177 880 264 87:-
898 177 969 256 90.
1006 113 1015 134 X

475 323 477 333 y
566 365 635 442 87.
674 365 864 442 'ortatu

161 546 164 558 ·
234 512 362 595 Oristn,
380 527 381 535 ’
402 524 513 604 pastor
541 514 645 583 Oenei
676 517 784 604 regis,
824 539 923 608 quum
954 514 1076 584 rideret
1107 537 1239 606 caprum
1269 541 1290 586 a

147 622 254 690 grege
273 600 398 690 saepius
419 599 653 682 discedentem,
676 624 750 670 enm
771 619 920 685 secutus,
949 625 1042 668 uram
1059 601 1291 690 depascentem

148 687 265 754 invenit
292 688 324 752 in
344 687 419 773 ¹ripa
440 685 571 754 Acheloi
599 687 754 757 fluminis:
783 711 880 777 quam
908 688 1015 757 statim
1041 689 1216 776 expressit,
1247 711 1289 759 ao

123 771 192 844 ade
219 795 303 875 aqna
323 770 453 839 Acheloi
473 773 628 855 fluminis,
656 772 866 862 iuxtaquam
891 776 997 841 suerat
1024 772 1167 853 inrecta,
1197 794 1289 840 com-

147 858 289 936 miscuit,
326 855 504 945 obtulitque
530 860 618 946 regi,
655 858 708 947 qui
737 881 796 927 suo
825 861 952 929 nomine
981 862 1111 926 Graeco
1138 879 1291 928 sermone

146 945 260 1026 οἶνον,
287 940 322 1008 id
343 953 393 1012 est
413 944 534 1027 uinum,
562 942 738 1037 appellavit·
774 971 776 980 ‘

29 1231 38 1241 .
146 1163 215 1240 88.
267 1165 427 1264 Liber,
462 1127 670 1344 Silenufss
706 1109 855 1288 liiidas
885 1184 963 1240 rex
992 1175 1037 1241 et
1064 1163 1287 1262 Pactolus

592 1333 595 1345 .
664 1294 808 1343 uvius.

105 1420 141 1480 1o
230 1415 346 1497 Liber,
375 1413 516 1482 Thracia
542 1411 725 1516 digressus,
745 1437 851 1506 ‚quum
874 1413 911 1480 ln
940 1411 1058 1482 'Pinnio
1086 1426 1197 1484 moute
1221 1415 1286 1484 iter

146 1516 280 1590 ageret,
322 1501 467 1578 Silenus,
509 1511 645 1565 nutntor
673 1500 760 1582 eus,
802 1525 834 1569 a¹
854 1499 1039 1589 Phrygibus
1071 1515 1202 1590 captus,
1240 1501 1285 1570 ad

143 1587 263 1654 Midam
292 1609 404 1675 regem
434 1584 549 1651 ductus
577 1597 634 1651 est.
684 1525 809 1653 dilenns
836 1594 963 1668 autem,
1004 1587 1132 1674 agnitus
1161 1590 1203 1654 ab
1231 1593 1284 1669 ec,

144 1688 296 1764 acceptus
313 1685 373 1753 est,
392 1671 562 1739 etLibero
582 1669 760 1740 advenienti
778 1669 931 1739 redditus.
964 1671 1018 1742 ‘Et
1034 1673 1076 1738 ob
1095 1673 1284 1741 beneficium

144 1781 164 1825 o
188 1760 265 1826 tanti
289 1758 369 1825 deus
394 1757 558 1824 arbitrium
580 1756 609 1822 ei
633 1755 738 1838 dedit,
767 1758 794 1824 si
820 1756 896 1845 quid
925 1755 1035 1836 vellet,
1062 1758 1138 1824 as'e
1159 1771 1283 1848 petere.

103 1783 200 1912 lallle
228 1867 304 1912 vero
330 1840 426 1934 petit,
457 1855 507 1924 ut,
538 1865 622 1930 quae
644 1844 847 1932 contigisset,
877 1864 989 1908 aurum
1012 1845 1134 1910 fierent.
1183 1844 1283 1920 Quod

24 1983 26 1988 .
117 1932 249 2006 ¹inutile
282 1931 350 1998 fuit.
414 1927 498 1994 Nam
531 1924 639 2016 coepit
671 1929 720 1995 sui
752 1930 817 1997 voti
851 1927 969 1994 affectu
1000 1942 1051 1996 tor
1074 1929 1162 2010 ueri;
1206 1932 1282 2018 quia
1390 1940 1391 1945 ’

54 2053 60 2097 ;
143 2016 294 2105 quicquid
322 2014 493 2100 tetigerat,
522 2033 634 2081 aarum
663 2015 769 2082 statim
795 2011 1018 2081 efficiebatur.'
1052 1953 1085 2080 8

142 2115 179 2171 ut
212 2102 435 2170 restitueretur
466 2099 546 2183 sibi,
590 2099 675 2166 fecit.
742 2097 843 2167 Jussit
872 2099 975 2181 enim,
1017 2111 1052 2168 ut
1085 2095 1129 2164 ad
1161 2102 1281 2168 flumen

88 2215 91 2223 s
140 2188 311 2256 Pactolum
340 2185 533 2275 perveniret,
569 2185 621 2252 cui
649 2209 685 2252 se
714 2208 772 2282 pup
797 2194 925 2266 oneret,
961 2185 1070 2268 etsie
1098 2184 1218 2254 rediret
1248 2187 1280 2254 in

99 2277 136 2344 ao
142 2275 307 2364 pristinum
339 2284 464 2340 statum.
523 2272 597 2346 Quo
631 2271 736 2354 facto,
808 2268 932 2339 aetolos
978 2271 1129 2360 deinceps
1166 2274 1283 2343 arenas

104 2441 106 2450 .
141 2383 255 2430 araneos
282 2359 410 2428 trabere
438 2357 567 2434 dicitnr.¹

456 2573 525 2650 89.
578 2573 644 2649 De
673 2582 775 2647 ortu
808 2529 960 2647 Panis·
1069 2545 1073 2554 ,

190 2783 194 2792 .
224 2723 308 2790 Post
331 2735 466 2790 mortem
487 2719 586 2786 Ulixis
605 2718 784 2802 Mercurius
806 2743 879 2787 cum
902 2737 1002 2796 uxore
1023 2704 1279 2810 ejus'Peneiopa
1387 2784 1390 2799 ,

55 2859 58 2864 ,
112 2807 332 2890 'concubuit;
363 2807 445 2899 quae
473 2807 531 2874 sibi
555 2805 647 2898 juxta
672 2804 826 2894 oppidum
847 2805 997 2896 Tegeam
1017 2803 1143 2894 peperit
1162 2805 1274 2892 filium,

97 2895 210 2969 uloPan
232 2896 366 2964 nomine.
407 2892 503 2986 Unde
529 2905 562 2962 et
580 2893 736 2982 Tegeeus
760 2891 884 2962 dicitur.
991 2985 994 2992 Ι
1262 2939 1268 2946 ·

490 3089 493 3098 A
580 3065 654 3202 ¹90.
707 3130 825 3204 Pan.

81 3351 84 3367 ,
224 3281 294 3349 Pan
355 3302 430 3347 uum
469 3277 648 3358 Tmolum,
684 3287 824 3367 montem
862 3273 1009 3364 hydae,
1058 3276 1275 3366 frequentans,

137 3370 242 3454 fistula
266 3390 302 3434 se
322 3303 517 3446 oblectaret,
546 3364 717 3452 Apollinem
738 3365 769 3427 in
791 3373 951 3428 certamen
977 3363 1136 3442 evocarit,
1160 3362 1275 3452 judice

70 3501 74 3508 -
137 3457 263 3522 Tmolo.
293 3451 407 3540 Itaque
422 3472 517 3539 quum
533 3448 664 3540 Apollini
684 3448 816 3515 victoria
841 3459 927 3514 esset
946 3446 1146 3536 adiudicati,
1161 3448 1276 3514 Midae

94 3544 208 3629 aoregi
236 3538 393 3606 adsidenti
420 3538 477 3602 soli
503 3534 668 3623 displicuit
711 3535 817 3609 Quam
839 3537 881 3600 ob
907 3557 1035 3599 causam
1063 3533 1144 3599 deus
1172 3535 1279 3600 iratus'

136 3651 229 3693 aures
264 3625 331 3715 ejus
361 3623 498 3706 asininas
531 3623 615 3689 fecit.
678 3619 733 3686 ille
763 3620 901 3686 criminis
933 3619 982 3684 sui
1011 3630 1118 3685 notam
1152 3620 1277 3686 tonsori

135 3725 258 3780 tuntum
287 3710 440 3791 ostendit,
471 3710 579 3798 praeci
602 3709 668 3773 iens
698 3707 744 3787 ei,
775 3716 827 3785 ut,
856 3705 883 3771 si
910 3705 1028 3770 crimen
1053 3704 1120 3794 ejus
1144 3705 1280 3785 celaret,

135 3799 322 3886 participem
341 3819 416 3862 eum
443 3795 535 3881 regni
560 3731 714 3858 alliceret.
763 3791 820 3856 llle
840 3800 958 3857 terram
984 3787 1081 3864 fodit,
1110 3799 1143 3855 et
1165 3813 1274 3857 secre-
1317 3839 1319 3842 .

135 3898 202 3950 tum
234 3879 351 3948 domini
382 3881 433 3947 sui
464 3882 496 3945 in
531 3878 660 3945 defosso
698 3889 805 3943 terrae
843 3875 954 3956 dinit,¹
976 3886 1010 3942 et
1039 3876 1172 3963 operuit
1234 3877 1273 3942 In

93 3969 251 4046 35eodem
271 3969 344 4033 loco
365 3966 505 4032 calamus
527 3975 578 4030 est
599 3975 708 4041 natus,
737 3959 823 4026 unde
844 3960 904 4027 sibi
924 3960 1162 4049 pastorltibiam
1185 3961 1272 4041 lecit,

135 4078 227 4144 quae,
247 4075 344 4143 quum
357 4052 603 4139 percutiebatur,
615 4041 758 4114 dicebat:
781 4045 886 4110 Mida
905 4067 968 4110 rex
987 4067 1092 4110 aures
1106 4046 1271 4111 asininas

133 4138 245 4208 babet.
295 4137 437 4214 Quidem
467 4134 616 4232 tradunt,
650 4153 714 4198 non
742 4129 886 4214 Panem,
916 4130 976 4200 sed
1004 4130 1167 4220 Marsyam
1196 4153 1273 4200 oum

133 4225 275 4316 Apolline
298 4234 449 4328 censue.

1088 2015 1118 2079 ui
1146 2017 1281 2102 petenti,
1391 2025 1392 2028 ’
