2706 4808
106 1531 113 1546 ⁶
203 1547 289 1602 terra
318 1533 447 1598 deserta
475 1527 570 1596 valde
591 1521 749 1594 latissima
772 1525 808 1591 in

202 237 293 292 run
583 215 689 286 ortis
725 227 947 316 nascarruo.
981 205 992 230 '
1110 235 1115 252 ·

205 403 273 484 ait,
309 396 318 414 ⁸
358 395 635 486 nomine'ltyrsa,
670 395 705 462 id
731 409 782 462 cst
810 397 947 464 corium.
998 395 1089 462 llaec
1123 396 1332 486 dispositione

158 539 162 558 .
206 423 561 576 valdemgloriosissima
583 491 730 564 constat,
761 506 845 573 qnae
872 483 908 549 in
938 479 1118 547 directione
1140 483 1293 548 vicorum
1310 495 1332 548 et

205 576 396 664 platearum·
406 567 600 658 aequalibus
628 567 728 632 lineis
746 589 904 651 currem,
934 589 1087 656 magnum
1107 569 1220 634 adlrne
1248 593 1331 658 super

204 659 313 728 omnia
348 657 472 721 bonum
500 653 599 720 habet
629 651 664 718 in
688 664 809 756 portu,
845 653 904 743 qni
932 652 1115 719 securitatis
1137 665 1191 720 est
1212 655 1330 743 plenus.

205 758 239 812 et
258 767 343 816 novo
364 741 437 808 visu
458 738 649 827 Neptunum
670 762 742 804 sinc
756 738 886 804 'timore
908 737 1045 806 navibus
1067 751 1238 827 praestare
1260 742 1330 807 vide·

207 844 271 898 tnr.
317 827 535 915 Praecipuum
569 847 647 890 vero
680 824 771 890 aliud
792 825 827 888 in
860 848 897 890 ea
931 847 1014 914 opus
1047 825 1202 892 invenies
1239 827 1330 915 publi·

106 961 111 974 ·
142 969 145 978 .
205 942 300 998 cnm,
332 913 441 980 vicum
470 909 738 998 argentariorum.
799 909 873 975 Hoc
901 920 1010 976 autem
1042 910 1078 974 in
1108 934 1146 975 ea
1178 913 1331 1001 culpabile

203 999 402 1108 repperitur,
425 995 737 1093 quodeontentiose
761 993 860 1060 nimis
877 1005 1025 1085 spectant
1049 995 1088 1086 1).
1132 996 1213 1085 Ipsa
1241 1010 1330 1064 antea

204 1112 296 1180 regio
321 1085 456 1150 Alrieae
479 1089 529 1147 est
548 1081 655 1148 valde.
668 1081 768 1164 hona,
792 1081 882 1146 dives
904 1092 937 1147 et
964 1081 1091 1170 amplas
1112 1082 1274 1150 homines
1292 1109 1330 1148 aa·

121 1175 125 1183 “
196 1189 269 1242 tem
297 1171 450 1260 indignos
482 1165 608 1232 habens
636 1165 780 1256 patriast
814 1165 921 1232 dolosi
953 1167 1041 1248 enim
1068 1171 1144 1232 'esse
1175 1168 1330 1243 dicuntur,

202 1263 267 1328 alia
288 1253 422 1350 quidem
444 1252 611 1336 dieentes}
633 1263 666 1317 et
686 1249 750 1318 alia
770 1249 949 1336 facientes,
971 1252 1049 1318 licet
1071 1251 1159 1320 inter
1181 1255 1329 1344 plurimos

162 1376 170 1392 Ι
202 1348 306 1414 malos
335 1340 433 1433 pauci
459 1339 541 1404 boui
570 1337 700 1428 possint
726 1336 864 1403 forsitan
896 1334 1050 1404 inveniri.
1127 1423 1133 1434 ·

196 1439 200 1450 ’
285 1449 342 1516 38.
395 1433 541 1512 Deinde
567 1453 643 1532 post
678 1464 807 1506 omnem
840 1439 974 1506 Africae
1010 1441 1182 1531 regionem
1219 1445 1327 1510 adiacet

857 1525 982 1592 artibus
1013 1527 1139 1609 austri,
1166 1527 1230 1594 nbi
1255 1531 1326 1596 aiunt

196 1621 414 1692 ,barbarorum
451 1624 581 1705 gentem
640 1613 791 1682 essimam
826 1550 994 1696 dabitat-e,
1036 1613 1094 1703 qui
1127 1611 1276 1682 Mazices
1304 1625 1325 1680 ct

200 1707 384 1803 Aethiopes
414 1710 583 1768 vocmtur.
656 1710 709 1765 ost
730 1721 813 1788 quos
843 1697 1088 1788 pentapolitana
1117 1700 1212 1790 regio
1234 1701 1323 1790 sequi·

201 1802 275 1874 tnr,
304 1787 431 1854 modica
457 1785 591 1886 quidem
612 1784 672 1850 sed
693 1783 785 1849 dives
806 1781 969 1850 fructibus
991 1795 1025 1849 et
1045 1785 1230 1869 iumentis,
1258 1811 1323 1878 qnae

201 1871 393 1942 dnaslrabct
414 1869 558 1936 civitates
571 1869 734 1959 antiquas,
757 1869 993 1936 Ptolemaidem
1012 1880 1053 1950 et·
1065 1871 1235 1961 Cyrenen,
1256 1897 1323 1962 quas

201 1961 317 2027 dieunt
339 1955 514 2049 aliqnando
546 1977 711 2044 regnasse.
778 1953 859 2020 Post
893 1979 990 2045 quam
1022 1957 1125 2046 altera
1155 1956 1322 2062 prouincia,

201 2071 285 2138 quae
306 2044 412 2147 Lilapa
437 2039 570 2124 dicitnr,
591 2040 633 2111 ab
655 2065 771 2106 occasu
784 2039 813 2131 2)
834 2041 1055 2108 Alexandriae
1068 2067 1224 2132 proxrma,
1246 2069 1322 2131 qnae

200 2157 268 2198 non
289 2131 453 2280 aceippeus
472 2151 589 2216 aquam
609 2149 627 2191 e
650 2127 753 2210 eaelo,
776 2125 872 2216 inops
896 2139 946 2192 est
968 2127 1077 2212 valde,
1102 2127 1225 2197 ctriros
1244 2152 1319 2214 pan·

186 2213 349 2285 ‘cissimos
391 2215 478 2295 ahot,
501 2213 560 2277 sed
581 2212 700 2296 bonos,
720 2213 899 2302 prudentes
922 2224 954 2277 et
974 2213 1061 2302 pios.
1114 2214 1203 2281 Unde
1220 2223 1319 2278 antem
1343 2235 1344 2280 t

133 2296 137 2306 ’
202 2306 249 2370 eis
269 2295 331 2369 hoc
353 2300 504 2366 bouum?
528 2298 632 2364 'Puto
664 2299 754 2388 quod
773 2298 814 2363 ab
845 2297 1028 2364 emiditionc
1058 2300 1169 2368 divina
1184 2300 1223 2394 ὅ).
1260 2299 1318 2364 lle·

78 2425 81 2432 ·
200 2391 276 2456 inde
307 2390 400 2455 locus
430 2384 581 2475 sequitur
615 2383 847 2452 Alexandriae.
901 2381 991 2450 llaec
1022 2393 1073 2450 est
1101 2387 1319 2454 antem'totins

199 2476 288 2541 orbis
310 2485 415 2540 terrae
439 2469 639 2560 descriptio,
670 2493 768 2559 qnam
797 2494 837 2534 ex
869 2479 961 2558 parte
982 2471 1150 2560 potuimus
1174 2495 1316 2543 enarrare.
1342 2535 1343 2545 ,

101 2601 104 2618 ·
197 2651 201 2658 ,
284 2589 340 2652 39.
386 2581 483 2650 Nune
502 2581 565 2646 iam
581 2582 676 2648 etiam
696 2568 737 2648 de
761 2581 879 2648 insulis
897 2607 1000 2672 pauca
1021 2582 1183 2654 dieamus.
1227 2589 1320 2654 Hales

204 2696 281 2762 ergo
302 2669 484 2735 oboriente
505 2666 642 2757 primam
665 2669 805 2734 insulam
826 2679 858 2734 et
873 2668 1049 2744 ¹maximam
1072 2670 1234 2774 Cyprum,
1251 2699 1319 2766 quaa

200 2783 266 2822 non
294 2765 369 2847 eget
389 2753 523 2819 alterius
541 2749 730 2862 provinciae
752 2753 786 2848 in
815 2754 867 2818 his
898 2777 982 2904 puae
1016 2755 1057 2819 ad
1075 2757 1258 2827 factendam
1274 2787 1317 2826 na·

198 2851 271 2910 ve'm
293 2851 370 2906 sunt
389 2861 591 2904 necessaria:
622 2839 657 2905 in
681 2863 716 2904 se
750 2839 838 2904 enim
859 2841 899 2903 lra
925 2860 980 2904 ere
1000 2841 1108 2906 omnia
1129 2841 1319 2934 pei-hibetur,

150 2931 153 2940 ’
197 2925 260 2994 hoe'
285 2938 335 3006 est
357 2922 446 3016 ligna
467 2923 617 3008 diversa,
639 2935 878 3006 aeramentnm,
901 2926 1043 3007 l‘errnm,
1064 2927 1197 3016 picem,
1218 2935 1317 3006 linum,

198 3025 231 3079 et
252 3012 387 3078 restium
407 3033 523 3076 usum:
547 3021 579 3078 et
601 3008 675 3076 aliis
697 3009 808 3075 multis
824 3006 924 3075 honis
944 3009 974 3100 a)
993 3010 1115 3078 dicitnr
1132 3017 1317 3087 habundare.

196 3099 327 3164 Deinde
349 3095 504 3180 Euboea,
528 3119 625 3187 qnam
646 3119 718 3161 esse
740 3095 999 3161 valde·nohilem
1021 3097 1155 3186 lerunt,
1188 3115 1222 3169 et
1253 3107 1317 3171 mul-
1340 3141 1341 3162 i

197 3185 240 3250 tis
262 3182 358 3249 honis
382 3191 538 3247 ornatam.
583 3180 663 3247 Post
689 3180 794 3268 ipsam
826 3180 950 3246 insulas
980 3178 1130 3250 invenies
1163 3167 1341 3258 (tutatast

198 3293 281 3362 qnae
303 3269 381 3334 licet
401 3268 520 3333 multae
543 3266 622 3349 sint,
645 3280 758 3330 omnes
779 3275 893 3346 tamen,
909 3289 1004 3332 snum
1026 3268 1171 3338 indicem
1191 3259 1316 3344 labent:

74 3359 79 3376 '
198 3363 335 3448 quarum
354 3353 479 3444 aliquas
503 3364 536 3419 et
559 3351 692 3446 nomine
712 3374 892 3418 memorare
911 3375 1047 3418 neeesse
1078 3367 1140 3421 est.

281 3468 340 3532 40.
385 3465 561 3556 Inprimis
583 3461 661 3555 ergo
683 3463 836 3530 erodum
857 3487 1040 3553 ponamus,
1071 3468 1105 3536 in
1159 3445 1340 3539 uaa'civitssl

198 3553 337 3620 inanima
358 3553 443 3634 luit,
472 3575 556 3641 quae
578 3549 618 3615 ab
641 3547 689 3615 ira
710 3549 777 3616 Dei
799 3549 953 3616 subversa
978 3561 1028 3617 est
1045 3552 1086 3642 4).
1132 3493 1175 3623 ln
1195 3557 1258 3626 lrac
1271 3569 1317 3624 sta·

266 3755 621 3847 t)1ntelligo„spectaccla,
645 3776 721 3860 sicuti
739 3790 817 3860 snpra
835 3775 931 3830 dictum
948 3775 982 3828 de
999 3776 1230 3848 Constantinopoli.
1266 3775 1318 3830 cod.

120 3863 123 3868 ’
193 3859 344 3922 expectant.
371 3859 375 3866 '

149 3997 151 4007 y
264 3939 296 4006 2)
317 3940 434 3988 Occasus
451 3933 546 3990 dicitur
563 3937 596 3990 de
614 3937 665 3992 situ
682 3937 863 4020 alexandriae.

264 4029 297 4095 3)
314 4029 435 4096 Intelligo
454 4029 606 4096 religionem
627 4026 817 4090 christianam„

206 4173 211 4180 ,
263 4119 294 4187 a)
313 4120 378 4173 Cod.
397 4119 454 4170 alia
472 4115 560 4170 multa
582 4115 659 4169 bone.
848 4115 852 4122 '

265 4209 297 4272 t)

313 4207 410 4328 Tetrrae
437 4204 646 4274 motu‘seilleess
671 4223 739 4264 anno
755 4191 910 4262 'consentu
941 4209 1003 4277 tmp.
1031 4175 1139 4272 celare,
1171 4213 1201 4261 nt
1232 4203 1315 4260 caoe-

268 4291 363 4330 narra.
1202 4319 1227 4328 ..
