2786 4800
133 277 191 368 ,2
512 276 696 390 Mythogr.
724 278 757 350 Ι.
812 275 907 350 5-·
923 276 962 350 6.

594 462 635 536 5.
691 411 871 564 Scylla.

153 625 156 647 ³
244 608 379 701 Scyllae
409 608 493 676 duae
523 609 671 689 lueruut;
701 629 764 675 una
791 595 912 674 Phorci
948 618 981 675 et
1016 607 1207 684 Crataeidia
1235 607 1307 677 lilia.

166 696 272 771 Quam
295 717 394 786 quum
415 705 539 766 amaret
560 693 724 774 Glaucus,
752 692 832 760 deus
852 692 1010 772 marinus,
1031 691 1107 760 dum
1128 695 1197 784 ipse
1218 717 1307 762 ama-

165 792 254 850 retur
283 805 316 848 a,
332 781 447 862 Circe,
479 791 513 848 et
534 785 613 846 'eam
635 789 872 860 contemneret,
903 777 954 846 illa
981 790 1076 846 nacta
1104 781 1242 860 sontem,
1273 782 1306 848 in

140 887 231 956 aquo
258 891 294 934 se
322 865 428 956 Scylla
460 861 583 934 solebat
613 863 760 945 abluere,
798 863 908 932 infecit
941 865 1076 932 venenis.
1137 865 1175 932 In
1209 887 1329 955 quem*

165 975 264 1040 quum
293 949 514 1021 descendisset
538 948 661 1039 puella,
693 947 800 1018 media
827 949 920 1040 perte
946 950 978 1016 in
1005 949 1091 1020 feras
1110 964 1306 1020 commutata

165 1049 228 1105 est·
277 1037 385 1104 Altera
412 1055 490 1106 vero
513 1035 619 1126 Scylla
650 1034 710 1102 suit
730 1034 818 1113 Nisi,
838 1035 1077 1123 Megarensium
1097 1039 1202 1126 regis,
1229 1039 1306 1106 filia.

164 1124 288 1191 Contra
304 1147 385 1211 quos
401 1122 488 1202 dum,
508 1120 641 1190 deuictis
657 1121 724 1226 jam
746 1119 999 1202 Atheniensibus,
1019 1135 1181 1212 pugnaret
1196 1123 1304 1193 Minos

163 1220 296 1297 propter
317 1207 371 1274 lilii
390 1207 556 1296 Androgei
575 1206 755 1280 intentum,
785 1227 881 1293 quem
902 1207 1111 1277 Athenienses
1132 1220 1166 1276 et
1187 1207 1223 1274 M
1269 1233 1303 1278 a·

123 1316 275 1365 lorenses
314 1292 389 1360 dolo
424 1303 640 1375 necaverant,
679 1299 803 1359 amntus
838 1302 888 1359 est
923 1315 943 1360 a
973 1293 1097 1382 Scylla,
1131 1293 1203 1362 Nisi
1232 1295 1305 1362 fila.

148 1369 257 1454 ‘Quae
285 1390 321 1447 ut
348 1379 432 1449 hosti
477 1390 564 1446 osset
590 1376 736 1466 placere,
775 1399 900 1443 comam
958 1400 1147 1465 nrpuream,
1180 1382 1306 1468 parenti

162 1465 355 1546 abscissam,
377 1464 406 1531 ei
428 1403 558 1546 obtulit3
592 1486 689 1554 quam
711 1461 809 1528 Nisus
833 1461 877 1538 ita
897 1401 1053 1529 habuerat
1073 1478 1306 1549 consecratam,

161 1563 198 1617 ut
220 1550 341 1617 tamdiu
362 1551 464 1638 regno
482 1550 658 1640 potiretur,
685 1546 837 1637 quamdin
856 1549 940 1614 illam
960 1547 1126 1616 habuisset·
1138 1550 1304 1620 intactam.

1 1655 3 1662 ’
57 1652 69 1662 ”
160 1637 289 1704 Postea
311 1647 344 1704 et
370 1637 416 1704 sc
438 1637 493 1716 lla,
524 1660 545 1702 a
565 1636 672 1702 Mincii
694 1645 875 1715 contemta,
906 1631 1020 1700 dolore
1044 1633 1076 1700 in
1104 1657 1196 1704 avem
1225 1659 1303 1703 con-

120 1738 257 1792 toversa
278 1733 343 1804 est;
365 1732 398 1790 et
416 1661 515 1789 hians
537 1719 694 1789 extinctus
716 1720 851 1786 deornm
874 1717 1074 1788 miseratione
1093 1721 1125 1788 io
1147 1719 1213 1788 avis
1230 1745 1302 1790 mu-

165 1820 251 1874 tatus
272 1819 321 1874 est
348 1801 493 1876 sormam.
531 1807 624 1884 Quae
650 1829 724 1874 aues
746 1800 843 1874 hodie
863 1805 1006 1894 flagrant
1022 1805 1104 1876 inter
1123 1830 1160 1876 se
1181 1829 1303 1898 magna
1347 1883 1357 1901 a

162 1891 345 1969 discordia,
357 1967 360 1974 ,

420 2107 479 2184 A.
533 2083 790 2186 Tereus‘er
819 2114 1027 2188 Procne,

248 2240 375 2305 Terens
398 2259 454 2304 rex
476 2237 643 2320 Thracum
665 2239 733 2312 luit
776 2241 840 2316 Qui
862 2263 959 2332 quum
979 2235 1171 2330 Pandionis,
1203 2237 1302 2306 Athe·
1362 2292 1366 2298 ,

118 2344 275 2394 nonarum
304 2325 409 2413 regis,
439 2323 553 2405 liham,
583 2327 734 2394 Procnen
756 2327 900 2406 nomine,
927 2323 1070 2393 duxisset
1087 2346 1238 2408 uxorem,
1270 2337 1305 2397 et
1333 2317 1337 2332 “

158 2433 217 2500 per
244 2411 438 2499 aliquantum
467 2422 594 2500 tempus
630 2413 671 2478 ab
705 2435 745 2478 ea
782 2435 818 2480 ro
845 2421 969 2492 uretur,
1003 2411 1063 2478 sibi
1091 2409 1304 2480 Philomelam

158 2518 304 2564 sororem
334 2494 502 2582 videndam
530 2509 730 2580 accerseret,
757 2435 923 2585 proletus
950 2496 1111 2576 Atlreuas,
1142 2495 1220 2563 dnm
1244 2497 1304 2566 ad-

118 2657 121 2668 ·
159 2581 254 2650 duxit
282 2581 436 2670 puellam,
471 2605 542 2648 eam
571 2581 706 2650 vitiavit·
724 2583 756 2650 in
785 2583 917 2662 itinere,
955 2594 989 2648 et
1017 2583 1225 2670 eilinguam,
1258 2607 1302 2650 ue

23 2666 27 2690 ⁴
160 2667 284 2734 facinus
302 2665 468 2750 iudicaret,
486 2667 633 2746 abscidit.
664 2666 721 2734 llla
739 2679 846 2736 tamen
867 2665 1047 2756 querelam,
1075 2669 1107 2734 iu
1130 2681 1216 2736 veste
1240 2692 1301 2736 suo

121 2767 285 2825 sacchore
307 2752 517 2855 descriptam,
549 2746 633 2822 misit
653 2754 766 2824 sorori.
807 2755 882 2830 Qua
902 2753 1051 2840 cognita,
1078 2755 1208 2822 Procne
1228 2753 1302 2846 Ityn
1388 2799 1389 2802 =

154 2838 256 2906 lilium
274 2838 433 2905 interemit
445 2851 478 2905 et
488 2840 576 2926 patri
590 2837 783 2927 epulandum
801 2841 957 2930 apposnit.
1000 2839 1121 2920 Postea
1140 2863 1251 2908 omnes
1269 2842 1304 2910 in

138 2947 235 3008 ‚aves
265 2923 382 2992 mutati
414 2935 504 3004 sunt;
523 2957 525 2964 ·
543 2925 670 2992 Terens
704 2924 737 2990 in
768 2948 929 3016 upupam,
958 2923 1025 3013 Itys
1045 2925 1077 2992 in
1100 2925 1301 3012 phasianum,

120 3092 123 3106 Ι
160 3011 289 3081 Procne
310 3010 342 3076 in
363 2999 583 3092 hirundinem,
613 3009 790 3080 Philomela
808 3014 841 3080 in
863 3011 1035 3080 lusciniam.

1253 3086 1300 3100 §ab

464 3237 505 3311 5.
559 3231 763 3338 Cyclops
796 3251 836 3313 et
867 3233 995 3311 Acis.
1263 3344 1266 3350 ,

119 3395 156 3442 ao
248 3367 390 3457 Cyclops
413 3364 529 3438 dicitnr
550 3365 719 3456 nympham
743 3389 868 3436 amasse
888 3365 1067 3442 Galateam.
1097 3365 1191 3440 Quae
1202 3379 1303 3452 quum

121 3506 124 3515 .
162 3455 241 3521 Acin
269 3447 430 3543 quendam*
457 3465 618 3548 pastorem
646 3463 769 3523 amaret
796 3465 830 3520 et
857 3452 1091 3604 Polpphemum
1123 3463 1302 3538 sperneret,

107 3613 109 3624 Α
160 3539 212 3606 ille
240 3540 340 3609 iratus
370 3539 450 3606 Acin
479 3539 626 3618 necavit,
656 3538 710 3627 qui
734 3548 848 3626 postea
869 3540 919 3603 Ga
932 3550 1025 3605 ateae
1046 3535 1247 3602 miseratione
1267 3537 1302 3602 in

162 3625 284 3696 iontem
302 3636 449 3706 mutatus,
465 3635 533 3708 est,
561 3624 616 3714 qul
636 3622 798 3714 hodieque
819 3623 861 3690 ab
881 3622 982 3692 Acide
1000 3621 1095 3690 Acis
1114 3618 1238 3711 dicitur.

372 3799 413 3930 li.
468 3851 687 3956 Siluanus
715 3819 759 3924 et
789 3847 1084 3948 Cyparissus.

126 4004 165 4054 ³⁵
248 3980 393 4050 Silvanus
423 3979 504 4048 deus
535 3991 584 4048 est
611 3979 781 4054 silvarum.¹
810 3977 876 4042 Hic
897 3973 1014 4042 amavit
1040 3977 1193 4061 puerum,
1232 3965 1302 4062 cy:

187 4065 320 4136 arissum
364 4068 508 4142 nomine,
554 4064 607 4154 qui
648 4065 789 4144 habebnt
835 4059 1119 4128 mansuetissimam
1163 4063 1302 4150 cervam,

163 4092 261 4222 llanc
288 4175 387 4242 quum
409 4152 554 4218 Silvanus
580 4149 706 4216 nescius
725 4136 916 4228 bc'cldisset,
949 4167 1031 4238 puer
1061 4144 1219 4212 extinctus
1251 4153 1304 4212 est

102 4241 105 4248 ’
161 4239 292 4322 dolore3
321 4259 417 4326 quem
444 4228 567 4322 amator‘
596 4233 732 4300 deu’sirl
756 4215 960 4346 cp'pressum,
994 4233 1143 4326 arborem
1165 4229 1300 4300 nummis

161 4326 247 4418 ejus,
274 4322 449 4404 convertit,
470 4341 565 4409 quam
588 4343 647 4458 prp
665 4320 778 4391 solatio
789 4322 929 4412 ‘portare
944 4307 1075 4392 'dicitula
1133 4340 1137 4349 ·
1240 4337 1246 4357 ‘
1285 4318 1301 4342 '¹

1377 2977 1387 3036 l

1295 3041 1386 3133 'l

1383 3153 1385 3239 l
