2716 4794
327 209 508 313 myuogn
536 211 589 284 ιι.
643 150 896 292 ιιι-ιιι.
994 202 998 212 “
1054 191 1078 240 '¹
1104 215 1183 304 rao

203 357 207 363 Ι
415 359 530 473 195.Υ
569 395 811 476 Anchises.
1217 363 1219 374 Ι

128 525 286 594 'Anchises
307 503 417 616 pastor
437 525 513 608 fuit,
548 550 621 594 cum
645 551 708 618 nuo
738 513 973 602 amatoVenus
1003 539 1185 618 concubuit,

85 618 109 676 et
126 632 158 678 er
176 636 212 678 eo
232 636 338 678 amore
360 613 445 680 circa
465 613 605 694 Simoin,
637 615 766 681 flurium
798 615 935 708 Trojae,
969 625 1108 688 Aeneam
1129 648 1184 711 pe-

82 696 155 781 perit
190 699 278 764 Deae
308 697 392 764 enim
423 697 471 765 rel
499 698 532 765 N
553 698 668 789 mplrae
698 701 857 767 enituntur
884 705 970 771 circa
999 709 1110 775 lluvios
1138 710 1184 774 vel

82 801 196 850 nemora,
237 783 304 850 Sed
335 806 431 871 quum
458 724 610 851 Ancdises
637 785 719 852 inter
740 785 888 875 aequales
916 789 1113 877 epularetur,
1141 796 1209 861 des

81 869 227 935 concubitu
247 871 379 936 Veneris
395 869 510 960 jactari
540 869 683 948 traditur.
734 870 831 946 Quod
853 895 949 1022 ‹luum
977 876 1049 943 Jori
1078 879 1187 948 Venus

81 966 174 1035 questa
202 967 302 1038 esset,
336 955 486 1036 emeruit,
522 956 610 1038 utin
632 956 799 1023 Anchisem
827 956 955 1026 lumina
979 963 1187 1032 mitterentur.

82 1037 137 1101 Sed
156 1039 255 1107 Venus
277 1061 374 1128 quum
396 1041 541 1114 vidisset,
562 1062 636 1108 eum
656 1041 783 1110 fulmine
803 1066 899 1132 posse
917 1043 1070 1128 interimi,
1091 1052 1189 1116 mise-
1317 1042 1320 1052 ¹

81 1134 136 1188 rata
160 1123 323 1214 juvenem,
362 1126 394 1192 in
423 1126 524 1192 aliam*
545 1139 668 1214 partem
700 1127 815 1194 fulmen
844 1126 984 1200 detorsit
1036 1136 1187 1204 Anchises

84 1215 182 1290 nmen,
202 1211 328 1280 afflatus
348 1210 426 1299 igne
447 1210 594 1293 caelesti,
617 1233 742 1302 semper
762 1211 873 1282 debilis
894 1215 961 1284 tuit.
1008 1257 1013 1272 ι
1194 1237 1230 1287 ιο

328 1344 334 1352 ·
412 1381 505 1458 196.
559 1357 838 1462 Cassandra»

147 1507 326 1578 Cassandra
360 1520 429 1580 erat
463 1511 600 1596 Priami,
643 1514 775 1604 'l'rojani
817 1513 921 1602 regis,
965 1510 1044 1595 lilia,
1079 1537 1100 1582 a
1130 1538 1194 1603 qua

89 1588 166 1676 Apollo
186 1619 243 1683 spe
267 1595 400 1677 amoris,
432 1617 586 1666 concessa
603 1595 645 1665 illi
666 1598 872 1682 divinatione,
907 1599 1092 1683 frustratus,
1119 1625 1196 1668 vera

85 1681 196 1769 quamvis
216 1681 338 1758 dicenti
358 1679 454 1758 fidem
477 1684 610 1752 sustulit.
662 1684 759 1752 Unde
774 1684 879 1753 'etiam
907 1683 1055 1772 Trojani,
1096 1710 1195 1776 quum
1266 1707 1274 1724 ·

80 1779 128 1843 Jan
145 1765 279 1834 adventu
301 1765 599 1856 Helenae,'l'rojam
630 1767 857 1842 destruendam
884 1772 1103 1862 praediceret,
1137 1773 1194 1842 nri-
1202 1789 1237 1840 15

85 1845 146 1916 tine
163 1853 190 1918 ei
209 1850 360 1944 Apollinis
376 1852 469 1943 jussu
485 1853 669 1928 credebant

430 1973 522 2086 l97.
585 1950 830 2088 Hecuba.⁴

113 2199 118 2212 ,
147 2135 301 2216 Hecube,
330 2135 434 2203 Cissei
461 2137 540 2219 lilia,
560 2138 690 2206 Priami
716 2139 803 2226 regis
822 2157 920 2219 uxor,
948 2162 1045 2228 quum
1072 2142 1198 2210 Paridis

84 2221 196 2298 gravida
226 2232 332 2303 esset,
370 2222 491 2302 lacem,
529 2246 593 2312 qua
630 2225 705 2290 urbs
729 2223 971 2306 incenderetur,
1008 2249 1044 2292 se
1083 2249 1199 2318 parere

83 2301 150 2370 vidit
189 2307 289 2382 Quod
312 2303 557 2394 quulu'Priamo
577 2321 744 2391 narraret,
761 2307 927 2389 intellexit,
957 2332 1110 2400 puerum,
1142 2313 1240 2401 quino

81 2405 274 2473 nasceretur,
291 2415 421 2460 causam
443 2393 583 2464 futurum
603 2393 823 2463 incendendae
844 2395 940 2462 urbis.
965 2397 1086 2470 *Quem
1109 2399 1201 2484 geni-

83 2481 136 2538 tum
171 2492 266 2564 pater
302 2501 399 2566 quum
436 2480 566 2548 interire
600 2483 766 2572 jussisset,
803 2492 905 2548 mater
941 2485 1061 2569 pastori
1093 2482 1202 2551 furtim

80 2565 235 2632 transmisit
257 2562 415 2632 alendum.
458 2570 484 2633 A
513 2590 577 2657 quo
608 2569 761 2649 nutritus,
793 2564 877 2632 adeo
901 2565 993 2633 sortis
1013 2578 1063 2635 est
1086 2569 1202 2651 lactus,

79 2656 109 2708 ut
126 2647 153 2711 in
175 2649 298 2738 'Projae
326 2650 453 2751 agonali
484 2655 656 2720 certamine
683 2665 852 2743 superaret
879 2673 1007 2732 omnes,
1037 2665 1071 2720 et
1094 2655 1202 2741 ipsum

77 2725 250 2802 Hectorem.
303 2734 367 2809 Qu
388 2759 485 2824 quum
505 2737 604 2805 iratus
624 2742 656 2804 iu
677 2737 829 2806 Paridem
856 2738 1029 2824 stringeret
1048 2737 1244 2826 gladiaturae

78 2812 145 2883 dixit
162 2819 227 2899 ille,
258 2842 295 2886 se
316 2820 383 2908 ejus
405 2844 476 2888 esse
496 2844 695 2908 germanum.
745 2821 843 2898 Quod
864 2835 961 2908 quani
982 2824 1203 2910 mirum'vide-

77 2912 172 2996 retur,
193 2905 295 2973 allatis
320 2905 518 2993 crepundiis,
539 2908 607 2996 ejus
633 2910 732 2976 frater
752 2919 802 2978 est
819 2911 989 2997 probatus,
1018 2922 1052 2979 et
1072 2920 1205 3002 epatre
1250 2975 1253 2982 ,

49 3039 57 3063 ,
78 3004 104 3050 ιιι
123 2989 253 3060 sratmrn
275 2992 434 3086 cmreortia
453 3006 612 3082 receptus.
810 3027 812 3032 ·

314 3197 317 3202 ·
363 3225 365 3230 .
408 3159 502 3240 198.
563 3162 864 3265 Ganymedes.

151 3289 375 3384 Ganymedes,
418 3290 521 3358 Troili
553 3309 590 3356 re
616 3292 642 3358 is
672 3279 888 3381 'Projanorum
930 3301 965 3360 et
1004 3287 1245 3358 Callirrhoaceo

81 3367 169 3457 filus,
202 3393 339 3468 propter
360 3378 503 3469 corporis
525 3313 809 3464 pulcffiritudinem,
844 3401 884 3443 ne
906 3377 1066 3444 infamiam
1088 3398 1209 3478 connu-

83 3451 121 3521 bii
137 3463 296 3530 masculini
317 3463 453 3541 subiret,
487 3463 563 3529 dum
583 3464 615 3528 in
636 3463 697 3532 Ida
717 3464 793 3552 silya
814 3477 998 3543 venaretur,
1032 3464 1073 3528 ab
1105 3460 1210 3548 aquila

81 3535 403 3636 incarceramus,
437 3560 486 3616 est
507 3549 695 3617 constitutus
718 3549 873 3652 pincerna
900 3549 1051 3628 deorum,
1085 3559 1210 3614 remota

80 3621 183 3712 Hebe,
204 3635 341 3700 Junonie
362 3633 433 3700 filia.
475 3632 573 3702 Unde
594 3645 626 3702 et
647 3635 796 3723 'Propanis
816 3636 901 3702 Juno
920 3633 1075 3702 irascitur.
1123 3633 1211 3701 Poe-

79 3718 127 3780 tae
156 3731 266 3786 amant
295 3719 512 3806 garrulitatem
545 3743 636 3786 suam
665 3720 745 3788 falsa
776 3720 918 3787 illusione
946 3739 1071 3787 ornare.
1122 3717 1251 3785 Names
1302 3783 1307 3792 ,

77 3810 111 3863 ut
135 3803 323 3885 Anacreon,
355 3804 588 3894 antiquissimus
618 3817 747 3884 auctor,
789 3807 919 3881 scribit,
947 3803 1093 3892 Juppiter
1129 3803 1207 3880 dum

77 3881 228 3954 adversus
261 3889 412 3968 Titanas,
448 3887 481 3955 id
513 3903 562 3956 est
594 3890 701 3957 'Pitani
736 3888 832 3970 lilios,
874 3889 988 3956 bellum
1025 3902 1212 3968 assumeret,

77 3982 108 4035 et
126 3973 318 4040 sacrificium
339 3974 439 4042 Caelo
462 3975 610 4057 lecisset,
637 3977 669 4040 in
699 3975 850 4045 victoriae
882 3972 1058 4062 auspicium
1086 3976 1213 4062 aquilae

75 4054 133 4120 sibi
165 4059 282 4125 adesse
314 4080 500 4149 prosperum
529 4061 605 4128 vidit
634 4060 780 4128 volatum.
830 4059 883 4127 Ob
917 4059 1004 4147 quod
1042 4072 1107 4126 tam
1139 4062 1212 4127 lelix

75 4157 195 4222 omen,
226 4147 412 4230 praesertim
441 4144 514 4231 quia
542 4158 575 4213 et
594 4146 723 4213 victoria
743 4157 857 4212 secuta
878 4158 944 4225 est,
979 4145 1010 4211 in
1032 4146 1132 4232 signis
1154 4146 1254 4212 sibito

76 4227 213 4311 aquilam
237 4230 335 4312 lecit„
358 4230 539 4329 tutelaeque
558 4229 723 4298 dedicavit
765 4230 861 4298 Unde
886 4244 918 4300 ct
939 4232 1090 4316 Romani,
1104 4232 1212 4320 hujus·
