2726 4808
36 1039 40 1047 ¹
143 1159 148 1164 .
227 1015 259 1117 s
293 1071 373 1167 DE
399 1061 638 1164 sunnone
664 1059 1007 1146 euoonnnno
1210 1151 1215 1158 ,

167 1248 248 1326 uu1
277 1249 364 1319 suu
390 1195 687 1322 consummo
716 1249 806 1319 mn.
830 1249 1051 1330 acumem
1078 1193 1149 1334 aq
1232 1281 1241 1298 .2

478 1477 831 1510 w

180 1731 322 1822 (lavem
352 1767 407 1824 PP.
442 1767 670 1823 benedictinorum
697 1767 765 1824 band
784 1767 883 1839 ¹procul
906 1767 972 1820 urbe
995 1765 1105 1819 Salerno
1128 1773 1222 1834 mona-
1245 1785 1250 1792 .,
1297 1774 1308 1810 μ

79 1839 188 1895 sterium
206 1837 246 1889 vir
263 1838 296 1890 cl.
316 1835 371 1891 ioh.
391 1837 572 1908 mabillonius,
591 1841 707 1896 eiusdem
724 1841 822 1895 ordinis
840 1835 1002 1904 monachus,
1018 1838 1045 1888 in
1063 1849 1110 1889 suo
1128 1833 1221 1886 itinere
1240 1845 1245 1849 ·
1287 1837 1309 1876 .⁴

78 1913 170 1964 italico
188 1927 215 1978 p.
234 1911 373 1988 llo-lit}
400 1912 514 1966 breviter
530 1914 633 1981 quidem
658 1913 773 1966 sednon
797 1911 935 1966 iniucunde
960 1909 1106 1978 descripsit.
1151 1904 1221 1958 urin
1276 1941 1280 1954 ,

78 1989 169 2038 aetate
189 1985 279 2032 nostre
295 1981 388 2035 doctus
406 1985 472 2037 alius
489 1985 530 2037 vir
546 1987 630 2052 gallus
654 1991 827 2052 cognomento
851 1978 977 2038 Ronanus
999 1978 1149 2034 monasterii
1165 1979 1222 2030 eins

79 2052 264 2110 bibliothecam
296 2054 435 2122 proliiriore
465 2057 648 2110 commentario
680 2059 825 2112 illustravit.
870 2055 931 2122 Ego
962 2068 1029 2107 auno
1054 2052 1094 2106 Μ.
1118 2049 1239 2102 DCCC«

80 2127 173 2182 XXVI
199 2124 233 2184 ad
250 2123 317 2178 hunc
334 2127 420 2178 locum
437 2129 563 2194 insignem
578 2129 645 2180 forte
662 2134 824 2206 prpgressus
841 2132 869 2179 et
885 2127 1067 2178 humanitatem
1080 2123 1222 2174 incolarum

82 2196 266 2254 monachornm
299 2203 423 2266 expertus
447 2199 598 2268 plurimam,
624 2199 710 2265 ibique
735 2201 807 2251 brevi
832 2197 884 2250 diei
907 2203 981 2266 parte
1005 2200 1135 2260 moratus,
1160 2191 1223 2245 nihil

82 2271 154 2330 aliud
170 2271 251 2322 terme
269 2269 382 2323 videram
401 2285 476 2336 quam
495 2271 763 2338 diplomataaliquot‚
788 2274 816 2336 et
839 2263 1025 2321 nobilissimum
1048 2271 1126 2331 atque
1153 2264 1242 2317 anti-1

83 2342 234 2408 quissimum
249 2341 383 2393 latinorum
402 2341 539 2395 bibliorum
557 2341 690 2405 codicem,
717 2341 789 2393 cuius
814 2339 908 2392 deinde
925 2334 1116 2407 apographum,
1145 2337 1223 2398 obse·
1321 2360 1323 2370 ι

83 2412 139 2482 quii
157 2413 239 2479 gratia
257 2429 320 2479 erga
332 2413 489 2466 'Pontificem
506 2406 647 2466 maximum
662 2412 790 2466 -Leonem
814 2411 891 2476 Xll‚'
909 2412 953 2477 qui
977 2424 1020 2461 me
1044 2407 1169 2460 suadente
1194 2405 1222 2457 id

82 2489 238 2554 optaverat.
275 2485 501 2540 reverendissimus
537 2486 685 2544 monasterii
719 2485 824 2549 libbam
859 2497 917 2534 curn
944 2478 1006 2535 RR'.
1038 2477 1223 2552 monachorum

66 2557 208 2620 consilio,
231 2562 350 2608 accurrate
376 2555 482 2622 confici,
508 2562 587 2624 atque
617 2557 650 2608 ad
669 2557 812 2610 vaticanam
830 2551 1012 2607 bibliothecam
1028 2551 1097 2603 mitti
1114 2549 1224 2602 curauit.

36 2637 49 2649 ”
83 2629 135 2680 Est
153 2630 240 2678 autem
257 2627 385 2695 praeclari
402 2627 545 2696 apographi
568 2634 660 2680 auctor
685 2628 910 2684 reverendissimus
928 2625 1045 2677 dominus
1062 2623 1095 2676 P.
1130 2621 1223 2691 Egna-

83 2702 137 2751 tius
155 2699 281 2763 Rubeus,
306 2699 429 2752 Cavensis
457 2699 536 2751 arehii
561 2715 665 2767 praeses
690 2706 716 2762 et
740 2701 897 2769 apostolicus
916 2695 1122 2766 protonotarius,
1149 2693 1222 2744 ouius

83 2771 215 2834 laborem,
243 2769 419 2835 sedulitatem,
441 2770 587 2823 diuturnam
612 2771 776 2838 patientiam,
801 2772 971 2841 peritiamque
997 2779 1122 2820 summam
1139 2762 1223 2816 admi·

84 2841 138 2896 rari
156 2857 232 2894 nemo
249 2843 312 2894 satis
329 2843 442 2911 poterim
468 2843 560 2894 merita
577 2856 639 2893 vero
656 2841 712 2898 ,eius
731 2831 794 2909 erga
809 2843 952 2894 vaticanam
967 2836 1101 2900 Pontificio
1118 2835 1224 2888 maximi

84 2912 268 2974 bibliothecam
285 2913 469 2966 immortaliter.
479 2927 587 2970 manere
601 2927 707 2966 necesse
726 2919 772 2965 est.
807 2913 906 2967 Iterum
923 2917 980 2980 ego
1004 2910 1137 2978 superiore
1154 2921 1222 2959 anno

85 2986 127 3038 Μ.
145 2981 250 3036 DCCC.
266 2983 345 3038 XXX
369 2984 402 3036 ad
421 2985 537 3037 Catenae
553 2984 736 3036 monasterinm
761 2978 894 3050 reversus,
916 2989 947 3037 nt
969 2982 1057 3035 biblici
1080 2977 1223 3052 apographi
1280 3027 1301 3046 „

30 3091 33 3096 -
85 3043 359 3123 coniectionem‘quae
376 3057 477 3118 iamed
492 3056 593 3108 exitum
610 3055 734 3120 vergebat
749 3056 918 3124 inspicerem,
933 3055 968 3114 ‚vi
985 3055 1088 3122 pluviae
1113 3051 1234 3104 maxima,
1316 3095 1319 3102 .

84 3128 182 3182 ibidem
199 3127 281 3180 solida
299 3127 343 3179 die
354 3127 494 3180 subsistere
507 3133 613 3180 coaetus
627 3141 701 3179 sumt
719 3133 797 3194 atque
813 3127 917 3183 interim
928 3143 965 3179 ne
982 3127 1009 3178 in
1028 3131 1079 3178 tam
1091 3123 1225 3176 fructuoso
1281 3149 1289 3168 x

85 3201 146 3252 loco
164 3213 308 3269 cessarem,
324 3200 425 3267 inspexi
443 3214 505 3268 prae
524 3200 618 3251 ceter-is
635 3197 751 3250 codicem
769 3199 920 3266 quemdam,
944 3198 1037 3250 litteris
1056 3189 1225 3262 longobardi-
1293 3245 1299 3256 ,

87 3273 125 3324 eis
152 3272 231 3338 paulo
258 3265 318 3339 post
343 3287 413 3323 saec.
430 3269 456 3322 X
482 3275 629 3334 exaratum,
661 3270 705 3336 qui
735 3267 884 3323 inscribitur
908 3267 985 3320 Beda
1003 3263 1224 3336 decembribus,
1258 3286 1260 3290 ·

88 3343 254 3408 continetque
278 3343 383 3408 insuper
408 3343 534 3409 prolixam
562 3340 656 3404 seriem
688 3343 893 3395 testimoniorum
917 3355 951 3392 ex
975 3337 1224 3406 diversisgpatribns

87 3414 182 3482 pertint
200 3414 309 3465 fumasse
326 3412 494 3466 ineditorum:
520 3413 547 3464 in
572 3413 628 3466 eius
646 3418 732 3465 autem
761 3415 832 3466 calce
846 3417 986 3466 tractatum
1004 3409 1140 3477 quemdam
1157 3417 1226 3474 geo*
1246 3437 1274 3472 p·
1352 3423 1353 3426 ¹

87 3478 1224 3610 nrtaaunuumumantantumtantum
1262 3531 1277 3556 =

313 3594 321 3620 ‚
615 3604 616 3607 ,
1217 3585 1224 3602 Ι

87 3629 173 3680 Porro
189 3627 216 3679 id
230 3626 428 3695 scriptumuma
440 3625 524 3679 bonae
535 3625 617 3692 frugis
627 3627 731 3679 minime
742 3641 845 3696 expers,
861 3628 975 3693 satisque
989 3618 1129 3690 antiquum,
1145 3626 1173 3672 et
1180 3635 1224 3672 ro-

87 3714 164 3752 mano
179 3697 263 3750 adhuc
269 3701 353 3750 stante
364 3697 433 3765 apud
440 3698 611 3751 occidentales
627 3697 736 3764 imperio
747 3699 916 3768 compositum
923 3695 1050 3760 videbam,
1066 3693 1182 3763 protinus
1191 3691 1225 3745 ad

87 3769 285 3822 exscribendum
296 3766 409 3835 incubui,
418 3775 470 3822 tam
479 3767 666 3838 impensemihi
675 3769 786 3836 tanente,
795 3785 872 3838 quem
882 3765 1041 3822 iamhonoris
1050 3765 1226 3834 causaappel-
1312 3789 1315 3794 f

88 3842 147 3907 lesi,
168 3840 250 3894 arehii
265 3840 396 3904 Praesidt,
410 3847 447 3892 ut
462 3839 578 3892 codicem
596 3839 630 3892 ad
651 3837 777 3909 hospitale
796 3855 881 3894 meum
899 3833 1045 3893 cubiculum
1055 3835 1225 3888 'festinandae

87 3913 234 3982 scriptionis
245 3927 322 3966 musa
328 3911 423 3986 deferri
431 3912 549 3965 voluerit·
560 3909 629 3978 quod
636 3925 685 3978 ego
693 3911 919 3969 benefieimnhand
928 3907 1048 3976 equidem
1054 3907 1159 3962 minoris
1166 3903 1226 3977 leci,

160 4123 186 4189 ‘t
199 4122 265 4178 -Hoc
289 4123 354 4190 Maji
385 4089 542 4192 prooemium
576 4088 633 4175 eum
662 4120 730 4172 orbis
754 4118 928 4186 descriptione
956 4101 1226 4170 esdemonstratione
1257 4124 1260 4134 ’
1306 4165 1309 4169 .

88 4193 276 4260 provInciarum
293 4197 361 4277 typip
379 4193 546 4264 repetendum
560 4195 716 4256 ,mravtnus
740 4208 764 4251 ,e
796 4189 877 4242 Closs.
893 4236 895 4242 ,
910 4189 1039 4244 tinette
1066 4188 1126 4242 Vat.
1149 4184 1228 4238 codd·

87 4266 217 4320 editorum
239 4266 273 4320 Τ.
292 4265 342 4321 ,111
362 4285 388 4336 p.
406 4271 581 4364 ses-3115,
852 4299 855 4302 .
889 4302 913 4349 ,ἵ
951 4277 985 4359 ,x
1153 4265 1158 4276 ⁸
1247 4288 1249 4293 .

531 4464 541 4493 b
