2786 4800
157 177 213 254 sa
299 166 301 175 ‘
447 175 690 282 nummi.
746 175 891 254 111-
914 175 1009 288 toa.

156 361 220 430 line
242 383 380 450 namque
400 362 546 432 consulto
566 362 598 428 in
620 360 758 452 templo,
789 362 877 452 qnod
903 339 936 432 lu
959 361 1074 430 eodem
1096 362 1175 431 colle
1196 362 1298 450 babe-

156 451 270 524 batur,
292 446 456 536 respondit
475 449 659 538 oraculum,
693 460 729 517 ut
756 450 788 515 in
812 459 919 518 monte
939 471 1013 516 ossa
1035 451 1142 518 matris
1165 471 1243 516 suae
1262 451 1296 514 in

157 546 277 604 terram
298 533 498 622 projicerent.
533 532 677 601 Proinde
697 557 815 621 magna
837 535 1045 622 ambiguitate
1066 536 1200 602 haerere
1221 555 1298 600 coe-

134 619 294 710 perunt,
324 641 408 770 guae
441 632 548 686 essent
574 642 648 686 ossa
687 620 797 695 matris
830 644 930 712 suae,
961 620 1109 688 'l'audem
1134 619 1298 688 recordati

134 717 243 785 esunt,
262 725 325 792 quo
358 716 443 771 terra
455 727 565 771 eorum
576 716 677 772 mater
692 719 789 785 esset,
810 718 843 774 et
855 715 967 795 petrae
985 730 1059 774 ossa
1072 718 1188 773 terrae.
1218 706 1298 774 Mox

156 791 258 876 igitur
278 802 351 892 post
371 802 498 876 tergum
510 813 597 858 saxa
618 789 834 879 projiciebant.
875 792 971 867 Quae
990 792 1169 858 Deucalion
1190 792 1297 858 mitte-

156 877 231 956 bat,
261 876 317 942 vrri
340 873 579 956 efficiebantur;
608 898 691 964 quae
712 876 855 966 Pyrrha,
884 877 1029 944 feminae.
1071 879 1191 946 Postea
1212 877 1299 944 veuit

156 961 370 1030 Prometheus
391 971 425 1027 et
446 961 622 1030 vivificabat
642 962 786 1030 homiues
799 961 885 1044 illos,
907 964 980 1030 face
998 963 1125 1042 caelesu
1146 963 1297 1032 adhibita.

510 1135 607 1224 190.
660 1152 813 1227 Palici
848 1151 929 1226 dii.
982 1205 983 1212 κ
1119 1235 1124 1250 ¹
1231 1247 1234 1254 Ι

114 1291 150 1340 ao
191 1333 192 1338 ,
242 1273 434 1378 Symaetbos
463 1275 577 1345 fluvius
609 1289 658 1348 est
686 1279 814 1346 Siciliae
841 1278 927 1346 baud
947 1277 1046 1370 longe
1066 1283 1108 1347 ab
1127 1282 1208 1349 orbe
1229 1284 1298 1350 Oa·

154 1362 287 1443 tineosi,
317 1383 403 1430 circa
424 1384 519 1451 quem
541 1376 614 1434 sont
634 1365 734 1433 Palici
763 1365 824 1442 ¹dii,
855 1386 989 1452 quornm
1013 1367 1084 1434 talis
1106 1379 1156 1435 est
1178 1365 1297 1434 fabula.

152 1454 288 1518 Aetnam
300 1447 483 1537 Nympham
497 1449 518 1514 J
521 1451 646 1537 uppiter
660 1474 758 1539 quum
775 1451 914 1518 vitiasset
925 1463 958 1518 et
972 1452 1102 1520 fecisset
1115 1453 1296 1542 gravidam,

152 1535 265 1602 timens
296 1535 473 1614 Junonem‚
507 1535 683 1603 secuudum
704 1537 879 1626 quosdam,
912 1537 1038 1604 'l‘errae
1060 1537 1301 1606 commendavit·

151 1621 251 1708 ipsam
273 1619 425 1707 puellam,
446 1630 479 1688 et
497 1620 559 1687 illic
581 1623 674 1688 enixa
691 1635 749 1690 est
793 1620 984 1689 Secundum,
999 1622 1095 1702 alios,
1126 1637 1200 1711 post
1220 1647 1295 1711 par-

110 1717 220 1778 rs'tum
248 1707 317 1797 ejus
345 1727 443 1808 quum
472 1703 515 1771 de
544 1719 629 1774 terra
651 1711 829 1798 erupissent
849 1706 914 1772 dno
936 1710 1043 1796 pueri,
1062 1708 1200 1774 Palici
1221 1721 1297 1777 suut

153 1790 246 1872 dicti,
280 1811 369 1878 quast
400 1790 530 1854 iterum
558 1793 744 1880 venientes.
797 1793 842 1860 Hi
875 1793 977 1881 primo
997 1793 1151 1868 ,humanis
1183 1795 1294 1862 hostiis

150 1876 378 1964 placabantur3
406 1886 519 1962 postea
540 1877 730 1962 quibusdam
751 1881 850 1948 sacris
866 1879 1001 1966 mitigati
1019 1890 1109 1957 suut,
1127 1889 1160 1947 et
1181 1901 1294 1946 eornm
1326 1957 1332 1961 ,

151 1965 318 2030 immutata
338 1960 504 2028 sacrificia.
543 1959 628 2029 Ideo·
645 1978 751 2050 autem
772 1989 839 2040 ara
855 1963 1064 2051 placabilis,
1086 1965 1161 2052 quia
1182 1987 1294 2034 eornm

151 2050 297 2138 mitigata
317 2058 391 2118 suot
410 2045 548 2114 numina.
699 2055 700 2062 ’
1378 2061 1379 2064 ’

106 2239 144 2289 ao
248 2221 251 2232 ’
311 2216 401 2294 191.
456 2215 631 2295 Consus
667 2231 710 2328 et
742 2222 978 2340 circenses
1012 2217 1122 2336 ludi.
1210 2243 1232 2290 ’,
1280 2307 1281 2312 ¹

204 2418 207 2426 ,
235 2349 363 2428 (lausus
384 2345 466 2422 deus
488 2362 538 2420 est
559 2348 779 2430 consiliorum3
801 2348 853 2438 qui
869 2347 943 2414 ideo
963 2345 1114 2436 templum
1128 2346 1187 2414 sub
1204 2356 1293 2420 ¹tecto

147 2435 280 2516 habuit,
310 2445 347 2512 ut
377 2435 580 2516 ostendatur,
611 2446 733 2502 tectum
762 2456 834 2502 esse
856 2431 976 2501 debere
995 2431 1168 2510 consilium.
1211 2433 1295 2498 Inde

149 2531 216 2600 est,
246 2519 335 2608 quod
357 2533 391 2589 et
410 2521 524 2597 Fidei,
554 2543 659 2608 panno
683 2519 784 2587 velatu
806 2541 923 2598 manu,
949 2517 1188 2596 sacrificabant,
1217 2519 1295 2605 quia

148 2605 231 2686 tides
253 2617 340 2674 tecta
363 2629 436 2673 esse
458 2604 565 2672 debet
598 2605 665 2672 Iste
683 2608 814 2672 Consus
836 2619 868 2672 et
888 2624 985 2692 eques
1003 2603 1146 2691 Neptuni
1168 2603 1294 2676 dicitur.
1336 2679 1341 2692 Ι

79 2691 246 2780 '25Uude
266 2693 360 2766 etiam
389 2691 421 2758 iu
443 2692 511 2781 ejus
534 2689 687 2756 bonorem
702 2724 704 2729 s
717 2689 879 2758 circenses
904 2689 1114 2758 celebrantur.
1158 2689 1293 2757 Circen-

148 2801 201 2847 ses
230 2789 339 2846 autem
368 2775 445 2843 dicti
474 2774 522 2858 rel
552 2774 764 2855 acirentila,
792 2777 847 2848 ,111
871 2775 960 2867 quod
991 2775 1046 2840 ubi
1074 2783 1160 2840 nuuc
1186 2788 1294 2842 metae
1333 2838 1368 2850 ,,

145 2861 337 2958 ,sunapnm
357 2861 458 2948 gladii
478 2863 697 2944 ponebantur,
726 2883 808 2950 quos
826 2861 1033 2930 circuibant.
1075 2859 1163 2932 Dicti
1183 2871 1293 2936 autem
1376 2863 1377 2928 ss

148 2949 308 3018 circenses
329 2947 371 3016 ab
392 2945 548 3028 ensibus,
578 2947 674 3016 cirea
697 2969 779 3038 quos
800 2952 983 3018 currebant
1304 2975 1305 2980 ¹

99 3131 116 3200 ¹·
141 3189 162 3202 ·=
217 3121 311 3222 192.
345 3097 601 3225 ‘Hercules
638 3160 679 3223 et
712 3101 1050 3248 Olympiadem
1073 3091 1222 3227 ludus.

103 3295 141 3348 ao
230 3275 395 3349 Hercules
405 3257 438 3348 et
455 3276 568 3344 milites
585 3276 654 3366 ejus
671 3284 894 3366 pugnaverunt
908 3274 1051 3426 primitus
1069 3296 1167 3364 snper
1188 3296 1291 3363 equos

140 3361 234 3453 juxta
255 3361 428 3453 Olympium
448 3373 599 3432 montem.
631 3360 731 3435 'Quos
749 3359 890 3428 videntes
931 3370 1017 3428 ostes
1039 3361 1176 3448 alonge
1193 3383 1291 3451 super

146 3462 264 3536 equos,
284 3449 512 3516 crediderunt
529 3449 712 3514 Centauros
741 3467 830 3526 esse,
859 3458 892 3513 et
919 3446 1090 3534 stupefacti
1118 3439 1150 3512 io
1175 3445 1290 3534 fugam
1374 3481 1375 3488 1

145 3537 229 3602 versi
248 3535 352 3602 'sunt'
382 3535 428 3603 Et
458 3533 533 3600 ideo
565 3531 724 3599 Hercules
746 3531 795 3598 ibi
823 3529 915 3598 ludos
942 3530 1085 3600 instituit.
1128 3531 1290 3600 Hercules

79 3660 82 3670 ,
146 3622 230 3688 enim
254 3620 344 3710 apud
360 3623 508 3687 Graecos
528 3617 647 3691 uirtute
667 3615 818 3698 sollemni,
842 3617 1029 3687 multimodo
1046 3639 1142 3686 cursu
1156 3617 1289 3707 pedum,

102 3709 206 3782 assub
245 3701 311 3775 nno
330 3706 502 3785 anhelitu,
534 3703 659 3771 tertiam
691 3715 815 3790 partem
843 3703 986 3785 miliaris,
1020 3703 1054 3770 id
1086 3716 1136 3772 est
1165 3704 1292 3771 CXXV
1374 3743 1375 3825 p

143 3811 276 3882 passus,
310 3793 538 3883 percurrebat,
572 3800 608 3856 et
631 3789 720 3879 justa
747 3799 895 3855 montem
916 3789 1087 3880 Olympum
1117 3791 1290 3857 terminum

45 3921 50 3936 κ
143 3883 271 3948 statuit:
302 3874 391 3944 unde
420 3887 455 3945 et
477 3873 635 3939 stadium
665 3873 787 3942 dictum
816 3886 865 3942 est
893 3876 1077 3960 astando,
1106 3874 1149 3943 ad
1169 3887 1322 3954 metam,

55 3989 57 3997 ’
143 3967 283 4044 scilicet,
314 3981 411 4030 curso
431 3966 582 4052 peracto}
611 3959 651 4027 ef
673 3970 723 4027 est
744 3959 884 4027 stadium
911 3969 1026 4028 octava
1051 3983 1127 4048 pars
1156 3959 1289 4028 miliarii.
1373 3985 1374 4046 3

143 4048 340 4118 Posteaad.
349 4049 555 4115 imitationem
577 4043 727 4113 Herculis
748 4044 842 4113 ludus
862 4057 912 4114 est
929 4046 1099 4128 institutus,
1122 4046 1289 4136 Olympias

102 4135 258 4210 nedictus.
289 4134 457 4236 Olympias
478 4133 646 4200 dicebatur
662 4144 790 4222 tempus
808 4133 854 4200 lv
876 4153 1040 4211 annornm,
1059 4131 1214 4220 siquidem
1232 4138 1290 4198 ex-

13 4255 24 4368 p
145 4219 238 4309 pletis
256 4216 480 4298 annistrrbos,
502 4240 585 4285 anno
602 4219 878 4308 quarto‘reniente
891 4217 1116 4285 celebrabatur
1135 4217 1289 4287 festivitas
