2726 4808
422 187 538 296 oims.
572 227 806 306 nuscanum„
863 227 865 240 ·
1119 181 1133 218 ”
1147 238 1185 293 rx
1287 289 1294 302 ,

48 393 132 470 nulla
146 374 350 494 malignitis
362 431 365 439 ¹
379 385 570 484 iurenitm»,
592 398 645 494 xita
660 415 780 494 ‘usqum
799 401 930 493 pulices
951 399 1060 493 risque
1080 406 1184 495 pedu·

48 493 112 562 clos
143 511 256 582 neque
284 487 418 556 cimices
444 500 504 555 aut
531 490 668 579 aliquid
690 490 782 578 quod
808 498 859 554 est
888 489 1027 559 noxium
1064 491 1185 558 trabere

48 587 205 666 possunt.¹
247 574 452 642 Vestimenta
486 599 600 642 eorum
634 577 802 642 sordidare
832 575 1007 660 nescienti
1041 578 1129 666 quod
1156 579 1211 643 si*
1277 643 1288 658 ,,

48 661 236 816 miiaiin
259 661 452 752 perignem
473 661 553 730 solis
574 664 717 730 loturam
738 671 932 752 expectanti
953 663 1073 730 ardens
1097 664 1186 734 euim

52 775 100 815 me
115 750 166 814 ior
208 758 233 812 t.

15 871 18 884 ·
123 855 182 920 dc
208 852 294 918 Sunt
319 859 428 916 autem
457 864 537 942 aput
563 877 631 921 ¹eos
659 853 787 944 lapides
815 850 952 957 pretiosi
968 850 996 942 ¹)
1023 862 1058 918 et
1089 853 1186 938 varii,
1212 837 1217 848 ¹
1273 879 1277 890 ¹

47 943 105 1005 hoc
126 950 177 1005 est
206 937 390 1028 smaragdi,
420 939 631 1030 margaritae,
660 941 850 1030 hyacinthi,
881 937 1122 1024 carbunculus,
1155 949 1189 1010 et
1313 945 1318 958 '

47 1021 221 1116 sapphirus
256 1023 292 1088 in
322 1024 502 1106 montibus,¹
530 1093 533 1113 1
562 1026 692 1130 Quibus
730 1037 844 1102 omues
879 1023 1059 1088 seeundum
1098 1027 1188 1092 hune

46 1115 175 1178 modum
194 1109 405 1178 habundant:
434 1111 613 1180 decurrens
635 1113 724 1178 enini
745 1112 865 1178 fluvius
887 1109 1004 1174 diebus
1026 1133 1062 1174 ae
1084 1111 1188 1178 nocti·
1266 1157 1271 1168 Α

47 1199 131 1282 hus,
168 1207 312 1270 montem
333 1194 517 1282 abscindit,
551 1209 583 1264 et
603 1198 695 1264 illius
717 1208 825 1266 crusta
846 1218 1005 1286 aquarum
1029 1195 1189 1284 impetum

47 1285 152 1350 trahit.
197 1282 329 1348 Astatia
359 1305 436 1349 vero
465 1285 571 1373 gentis
602 1287 687 1356 hanc
709 1284 836 1350 invenit
855 1291 977 1366 artem,
996 1297 1068 1372 *per
1090 1306 1189 1372 quam

49 1396 126 1460 quac
149 1369 227 1434 inde
248 1378 371 1433 exeunt
390 1369 511 1434 habere
534 1371 659 1460 possit:
695 1371 852 1436 facientes
880 1367 984 1452 retia,
1021 1378 1054 1432 ct
1075 1367 1110 1448 in
1132 1392 1188 1432 an·

49 1467 135 1546 gusta
159 1455 253 1521 fluvii
275 1454 347 1519 lota
369 1467 556 1540 ponentes,
590 1471 733 1547 eaquae
771 1457 811 1521 de
834 1453 998 1544 superiori
1018 1463 1112 1544 parte
1133 1454 1188 1520 de·
1265 1524 1267 1532 ,

50 1544 229 1626 scendunt,
252 1539 412 1606 sineulla
433 1541 623 1608 difficultate
646 1543 843 1631 suscipiunt.
889 1574 892 1584 =
1221 1541 1223 1548 ’

125 1665 161 1755 5.
207 1661 247 1729 In
268 1675 356 1732 tanta
378 1687 455 1756 ergo
474 1665 636 1733 ‘felicitate
664 1669 831 1750 viventes,
861 1689 922 1732 nec
958 1665 1108 1733 laborant
1130 1667 1188 1732 ali·

50 1775 108 1840 qua
129 1750 320 1818 infirmitate
343 1762 399 1816 aut
431 1753 636 1842 aegritudine
669 1765 858 1838 vexantem
893 1752 1001 1819 solum
1031 1754 1121 1843 quod
1148 1755 1190 1820 dc

13 1895 14 1898 ,
51 1853 183 1926 eorp'ore
212 1849 356 1924 exeunt3
392 1839 451 1903 sed
484 1839 571 1905 diem
605 1839 715 1908 obitus
749 1849 828 1904 erite
861 1849 1000 1906 mortem
1031 1841 1190 1906 habentes

50 1924 313 2014 praecognitum:
348 1948 461 1989 omues
483 1926 573 1990 enim
594 1938 725 2008 eentum
746 1949 907 1992 annorum
929 1926 1134 2008 moriuntur,
1159 1933 1193 1991 et
1299 1913 1308 1944 ⁸

50 2011 147 2078 maior
173 2010 310 2076 minoris
332 2020 469 2075 mortem
491 2036 557 2077 non
577 2013 686 2096 videt,
725 2038 799 2096 uec,
813 2022 968 2114 parentes
990 2013 1077 2078 filios
1097 2012 1190 2102 plan·
1287 2053 1289 2057 ,

52 2108 139 2184 gunt.
195 2095 279 2162 Cum
308 2121 386 2188 ergo
415 2097 597 2187 uuicuique
631 2099 765 2164 illorum
795 2097 866 2163 dies
900 2098 1015 2164 mortis
1046 2099 1192 2202 eoeperit
1252 2126 1254 2136 ’

50 2183 295 2274 propinquare,
316 2183 395 2250 facit
416 2183 481 2246 sibi
502 2186 739 2274 sarcophagum
762 2207 804 2248 ex
824 2183 1023 2248 aromatibus
1049 2209 1190 2266 varrum,
1234 2204 1264 2244 .·

52 2270 204 2356 quoniam
228 2278 307 2374 aput
330 2292 386 2334 eos
412 2280 553 2334 aromata
572 2269 674 2334 multa
696 2279 792 2334 sunt:
834 2277 866 2332 et
898 2292 974 2332 cum
995 2268 1119 2335 viventi
1142 2269 1191 2336 ul·
1237 2322 1242 2333 .

51 2363 127 2418 tima
147 2357 392 2437 verentium,
425 2375 539 2422 omncs
560 2356 704 2421 salutans
727 2354 947 2442 omnibusque
967 2355 1041 2431 ‚itale
1063 2355 1190 2438 dicens,

51 2438 84 2504 iu
106 2441 220 2507 eodem
234 2465 278 2506 se
300 2441 498 2530 sarcophago
520 2442 627 2532 ponit,
650 2452 683 2507 et
705 2442 749 2523 ita
770 2466 845 2506 cum
864 2439 1037 2505 securitate
1052 2439 1213 2516 maximat
1275 2474 1281 2485 κ

51 2537 182 2592 naturae
223 2527 370 2592 debitum
404 2527 522 2593 reddit.
581 2528 625 2593 Et
662 2532 744 2594 haec
781 2527 914 2617 quidem
947 2527 1047 2591 huius
1107 2527 1192 2592 entis
1282 2590 1287 2603 ,

50 2611 145 2680 hona.
192 2612 361 2680 Habitatio
383 2623 490 2679 autem
512 2639 626 2681 eorum
647 2625 698 2680 cst
724 2614 931 2681 mansionum
956 2612 1055 2678 LXX
1077 2551 1120 2700 ἦ.

130 2757 168 2821 6.
215 2751 296 2819 Po'st
319 2753 403 2820 hanc
426 2765 555 2845 gentem
578 2780 619 2820 ex
639 2755 705 2821 alio
728 2755 829 2821 latere
857 2753 1077 2821 Braehmauas
1107 2755 1192 2820 refe·
1273 2744 1280 2841 Ἰ

51 2851 125 2905 runt
145 2840 322 2934 hahitare,'
340 2842 399 2930 qui
420 2853 453 2906 et
474 2841 540 2944 ipsi
561 2866 635 2908 eum
657 2842 724 2906 sint
744 2842 816 2906 sine
838 2841 990 2931 imperio,
1010 2841 1194 2929 vicinorum
1259 2843 1262 2872 ¹

40 2924 229 3016 'honitatem
250 2925 413 3012 tenentes,
435 2927 578 2996 feliciter
599 2928 723 2993 vivunt.
769 2925 813 2992 Et
834 2938 884 2992 est
904 2927 1061 2994 habitatio
1080 2951 1194 2994 eorum
1246 2979 1248 2984 ,

15 3069 19 3078 .
52 3013 259 3079 mansionum
278 3011 324 3078 V.
469 3029 473 3036 '

132 3121 167 3184 7.
213 3119 295 3197 Post
320 3121 381 3184 hos
408 3119 473 3186 *alia
504 3143 599 3209 gens,
614 3084 702 3210 ¹quae
732 3133 865 3188 vocatur
900 3119 1022 3206 Emer,
1062 3129 1094 3184 ct
1122 3117 1195 3207 ipsa
1283 3107 1322 3164 -'

51 3203 120 3269 sine
143 3205 283 3294 imperio
305 3206 418 3271 viveds
460 3205 655 3298 regulariter
677 3207 849 3298 transigit,
878 3219 913 3273 ct
929 3207 1054 3276 habitat
1074 3216 1194 3272 terram

50 3291 257 3356 mansionum
298 3291 396 3357 XLV
433 3341 442 3357 .

134 3413 170 3478 8.
217 3412 298 3481 Post
318 3415 379 3480 hos
402 3413 513 3504 regio,
549 3437 633 3502 quae
657 3399 848 3502 ‘appellatur
880 3409 1017 3496 Nebus,
1050 3409 1109 3476 ubi
1130 3411 1209 3491 iarn‘

53 3504 265 3580 tyrannorum
286 3499 490 3589 principatus
510 3497 539 3588 ι)
562 3497 749 3583 invenitur,
772 3510 805 3564 ct
825 3497 950 3590 regitur
967 3523 984 3562 a
1000 3497 1193 3578 maioribus,

51 3593 83 3646 et
106 3593 158 3648 est
181 3585 485 3652 mansionumLX.
507 3587 509 3594 ’
532 3587 592 3652 Isti
623 3596 655 3651 et
685 3585 847 3651 seminant
879 3594 912 3650 et
940 3594 1086 3650 metante
1121 3607 1195 3647 nam

52 3670 273 3758 supradictae
295 3683 431 3762 gentes,
458 3664 536 3738 'sine
564 3672 769 3755 Camarinis,
798 3671 905 3762 pomis
933 3670 1119 3762 transigunt
1128 3715 1143 3753 ‚⁵
1163 3678 1197 3733 et

55 3819 183 3846 ,ιι-γὼ-

97 3899 157 3965 ·’1)
182 3899 301 3969 Respicit
328 3901 422 3952 iterum
455 3899 489 3950 ad
521 3871 596 3950 sacia
627 3897 706 3948 biblia
739 3902 828 3952 uester
859 3903 958 3952 auctor.
1011 3895 1078 3962 Nam
1105 3911 1196 3962 geues·

52 3988 111 4040 cap.
131 3971 172 4038 11,
192 3977 226 4024 12
254 3973 297 4024 ubi
317 3971 350 4024 de
367 3972 418 4024 illis
435 3975 546 4036 quatuor
563 3969 709 4021 fluminibus
728 3969 806 4022 etde
826 3967 900 4021 Edeu
917 3982 1002 4022 sermo
1021 3973 1069 4032 est,
1088 3967 1201 4044 diciture
1234 3966 1244 3988 '

51 4051 77 4090 ct
97 4059 197 4094 aarum
216 4047 304 4095 terrai
321 4042 397 4093 illius
415 4041 543 4112 optimum
558 4049 626 4100 ‚0⁸15
653 4038 742 4112 ibique
758 4039 896 4094 invenitur
922 4038 1047 4092 bdellium
1071 4048 1098 4090 et
1125 4039 1196 4110 lapis

52 4113 213 4183 onychinus·
462 4119 468 4130 '
1224 4111 1226 4116 ’

125 4205 158 4270 2)
175 4206 279 4264 Mansio
298 4197 450 4274 intelligitur
468 4205 545 4260 arrius
562 4203 614 4257 diei
632 4204 692 4260 iter.
731 4251 735 4262 ,

132 4287 161 4360 a)
180 4295 245 4355 Ced·
264 4303 442 4366 tyrannorum
457 4293 618 4366 principum.
666 4330 668 4335 ·
698 4331 705 4338 a
