2726 4808
415 220 532 310 ¹¹orons,
556 231 782 302 nncurno.
1082 243 1083 246 ¹
1123 185 1207 298 ¹rn'

46 401 128 485 siros
147 399 273 466 hahent
285 400 442 491 *optimos
457 402 494 468 in
515 402 672 493 negotio,
694 412 729 470 et
749 399 844 469 valde
863 402 974 492 praeci
999 427 1041 472 ue
1060 429 1180 477 veneu-
1259 395 1261 404 ¹

45 497 109 570 tes,
138 497 172 552 et
203 487 352 571 divites,¹
385 498 419 553 et
444 489 606 554 *omnihus
632 488 738 552 'honis
771 499 914 577 ornatos
946 501 947 506 ’
1003 488 1195 582 εοὶρὶεηῐεε’
1221 481 1242 495 '¹

45 572 126 637 enim
143 597 163 637 a
176 572 312 663 ,Persic
323 573 401 663 ”ipsi
422 573 459 638 iu
480 596 612 664 omnem
630 584 749 639 terram
770 573 1180 668 Romanorumvendunte

45 668 75 723 et
95 668 239 724 ementes
251 681 339 748 qnae
361 660 547 726 necessaria
568 669 665 742 sunt,
688 659 809 726 iterum
829 660 983 745 uadunt,
1015 675 1107 736 extra
1127 690 1179 735 ae.

45 767 150 809 ramen
174 753 208 810 et
227 745 375 810 ferruma
400 746 460 810 has
479 745 574 814 euim
591 745 719 838 speeies
740 746 820 810 duas
831 791 843 829 ,
874 747 938 812 hoc
960 758 1010 812 est
1031 774 1181 821 aeramen

45 838 74 894 et
93 830 238 915 ferrum,
260 855 330 897 non
351 830 431 906 licet
451 831 603 898 hostibus
626 823 715 898 daie.
759 833 846 900 Istae
865 842 974 898 autem
996 838 1191 922 praedictae
1267 839 1296 855 ι’

46 914 188 982 civitates
224 916 449 1007 gubernaculo
482 917 549 984 Dei
575 909 670 982 'stare
701 916 874 1001 videntur,
912 927 946 983 et
962 919 1212 1010 imperatoris.

43 999 240 1090 prudentias
263 1002 423 1069 hahentes
444 1013 553 1074 autem
574 1026 685 1090 muros
707 1001 868 1092 inclytos,
891 1003 1045 1080 uirtutem
1066 1007 1181 1078 Persa-

42 1111 109 1151 rum
130 1110 261 1175 semper
281 1087 317 1152 iu
339 1089 429 1154 hello
452 1088 656 1174 dissolvunt,
678 1088 843 1154 ferventes
865 1087 985 1173 rehus,
1009 1101 1042 1156 et
1064 1096 1180 1163 trausi-
1220 1099 1222 1104 ’
1294 1105 1298 1116 ’

44 1183 252 1262 gentcsscnm
274 1175 367 1239 omni
387 1174 569 1264 provincia.
614 1173 746 1242 Deinde
769 1173 941 1245 osdroena
962 1186 995 1241 et
1015 1177 1140 1247 Edessa
1152 1181 1181 1274 l)
1277 1196 1279 1208 '

43 1268 72 1323 et
90 1260 182 1349 ipsae
204 1256 351 1326 civitates
372 1259 605 1362 splendidae..
824 1323 829 1339 ,
1090 1325 1092 1334 ,
1156 1327 1160 1334 .

120 1347 177 1410 17.
221 1345 353 1412 Deinde
381 1370 446 1412 ram
476 1344 591 1434 Syriae
622 1342 730 1434 regio'
743 1345 873 1431 omnis,
908 1358 991 1440 quac
1021 1347 1181 1418 dividitur

44 1428 75 1496 in
97 1427 210 1520 Syrias
231 1440 322 1515 tres,
356 1429 568 1513 Phoenicen,
603 1428 851 1516 Palaestinam,
873 1443 907 1498 et
936 1433 1081 1520 Coelen,
1122 1438 1179 1502 ha·

42 1513 150 1582 heutes
175 1515 322 1584 civitates
337 1517 442 1584 varias
461 1517 664 1598 excellentes
684 1527 717 1581 et
736 1539 892 1606 magnas,
916 1543 1054 1608 quarum
1071 1521 1180 1610 prima

45 1600 215 1686 Antiochia
237 1602 351 1685 civitas
373 1589 493 1692 regalis
519 1602 555 1667 in
577 1601 751 1688 omnihus,
773 1603 833 1669 uhi
855 1614 891 1669 et
912 1607 1064 1671 dominus
1087 1608 1178 1674 orhis

43 1696 197 1757 terrarum
229 1689 391 1772 sedet2,
431 1687 545 1772 civitas
576 1687 749 1778 splendida
782 1699 815 1754 et
848 1689 1010 1779 operibus
1031 1692 1200 1782 puhlicis&

45 1776 209 1857 eminens,
237 1785 271 1839 et
298 1798 354 1859 mu
369 1773 509 1863 titudine
540 1774 745 1864 populorum.
761 1784 894 1860 ornata,
926 1778 1073 1868 undique
1095 1780 1179 1850 aeci-

44 1859 130 1947 pieus
145 1909 157 1946 ,
172 1911 180 1944 s
188 1869 302 1936 cinnes
328 1861 488 1943 sustinet,
522 1860 716 1926 habundans
738 1860 891 1926 omnihus
913 1863 1022 1929 honis.
1067 1863 1179 1954 Tyrus

45 1969 171 2038 quoque
193 1946 307 2013 civitas
329 1948 365 2012 iu
386 1946 538 2012 omnihus
564 1945 662 2031 felix,
685 1945 823 2036 spissior
867 1948 990 2050 opulis,
1012 1949 1101 2017 viros
1121 1953 1178 2022 ha·

42 2029 92 2097 het
111 2059 155 2099 ex
177 2033 310 2136 negotio
331 2033 449 2115 divites
472 2042 507 2097 et
524 2031 535 2051 ‘
553 2031 679 2098 etentes
701 2037 737 2099 in
759 2057 836 2098 omn
873 2059 925 2098 us.
961 2035 1043 2100 Post
1070 2037 1083 2102 i
1108 2061 1178 2105 sam

43 2114 179 2210 Berytus
211 2119 325 2186 civitas
354 2117 449 2186 valde
480 2056 551 2183 deli
1080 2061 1106 2188 l

34 2225 100 2290 'per
120 2227 219 2295 quam
243 2204 352 2271 omnia
374 2205 597 2270 Romanorum
611 2201 738 2290 judicia
758 2214 843 2268 stare
861 2203 1025 2270 videntur.
1081 2208 1179 2276 Simi-

44 2289 117 2354 liter
136 2300 171 2354 et
190 2289 348 2356 Caesarea
369 2290 483 2356 civitas
512 2288 785 2373 deliciosissima,
820 2289 914 2354 cuius
936 2294 1132 2382 tetrapylum
1148 2293 1179 2386 ὅ)

549 2119 636 2183 ciosa
658 2127 691 2182 et
718 2119 878 2184 auditoria
905 2120 1017 2210 legum
1037 2123 1079 2186 ha
1104 2147 1178 2208 ens,
1287 2187 1293 2205 ,
1329 2193 1331 2202 .

42 2375 226 2440 nominatur
246 2376 385 2469 ubique,
408 2375 498 2466 quod
520 2398 623 2442 nuum
646 2384 682 2440 et
699 2397 821 2442 novum
844 2377 1066 2465 spectaculum
1084 2403 1179 2470 prae·
1293 2449 1296 2464 ι

43 2460 106 2526 het.
151 2461 320 2530 lLaodieca
348 2485 426 2529 vcro
448 2461 561 2528 civitas
595 2461 738 2552 optima,
772 2483 856 2552 quae
885 2453 1037 2528 similiter
1069 2465 1180 2531 omnia

42 2548 168 2637 negotia
189 2541 351 2638 suscipit,
376 2557 409 2614 et
428 2546 624 2615 Antiochiae
647 2547 757 2614 mittit.
807 2545 936 2638 Deinde
961 2548 1111 2616 Seleucia
1132 2551 1178 2617 ci·
1267 2561 1269 2564 '

42 2633 116 2700 ritas
160 2657 297 2724 magna,
337 2657 422 2724 quae
453 2634 563 2699 omnia
597 2633 684 2698 hona
716 2631 874 2722 suscipit,
909 2631 1047 2723 etipsa
1067 2636 1177 2702 ..simi·
1206 2687 1210 2710 ,

43 2717 112 2785 litor
150 2720 337 2809 praedictae
368 2719 565 2786 Antiochiae
598 2719 712 2785 mittit.
775 2719 883 2804 Quum
918 2721 961 2786 oh
994 2739 1064 2790 rem
1091 2722 1178 2790 Con-

43 2803 230 2898 stantinsp)
260 2807 306 2872 im
331 2817 438 2872 orator
458 2807 635 2872 maximum
668 2815 812 2872 montem
838 2807 981 2890 secavit,
1003 2817 1042 2874 et
1075 2807 1178 2877 intro·

43 2890 161 2960 lucen·
184 2915 273 2959 mare
309 2892 374 2957 ecit
393 2901 525 2982 portum
545 2890 670 2957 honum
690 2899 724 2956 et
753 2901 929 2980 magnum,
962 2893 1022 2958 uhi
1042 2895 1177 2964 venien·
1234 2925 1237 2944 ·

42 2984 86 3042 tes
106 3002 209 3046 naves
231 2979 397 3045 salvantur
417 2975 459 3082 4).
517 2973 677 3042 Similiter
697 2975 781 3042 aliae
801 2977 948 3055 civitates
975 2979 1122 3067 Ascalon
1145 2991 1184 3070 ct
1205 3042 1208 3047 s

43 3061 125 3132 Gaza
145 3065 192 3142 in,
208 3063 354 3154 negotiis
379 3071 560 3130 eminentes
582 3073 616 3128 et
634 3063 862 3144 habundantes
883 3064 1037 3131 omnihus
1064 3067 1191 3152 honis}
1283 3099 1284 3115 κ
1347 3113 1348 3120 1

41 3149 173 3218 mittunt
204 3151 296 3218 omni
322 3149 452 3242 regioni
473 3149 599 3240 xSyriae
635 3157 669 3216 et
693 3149 847 3240 Aegypto
867 3150 981 3218 vinum
1003 3153 1174 3245 optimum.

14 3385 16 3394 c
106 3365 138 3434 1)
160 3363 242 3430 Atqui
262 3361 367 3416 Edessa
383 3379 463 3432 supra
486 3365 616 3433 appellata
636 3370 685 3432 est,
701 3363 837 3426 Osdroiua
857 3367 944 3418 autem
960 3364 1107 3433 provincia,
1124 3377 1177 3422 non

41 3435 107 3489 urbs.
143 3437 250 3488 Textus
273 3435 359 3487 editus
385 3451 425 3502 gr.
448 3441 476 3488 et
495 3437 540 3490 let.
559 3435 710 3490 Osdroenae
728 3437 832 3488 Edessa
849 3445 878 3486 et
894 3436 955 3504 ipsa
972 3436 1071 3490 civitas
1086 3438 1177 3508 spins-

40 3505 109 3560 dida.
146 3507 276 3562 Neutrum
293 3507 358 3565 satis
375 3507 474 3576 placet,
499 3509 560 3574 quie
577 3507 641 3562 duas
659 3508 773 3562 Edessae
791 3524 842 3560 uon
864 3508 990 3562 novimus.

105 3579 139 3648 2)
161 3579 340 3648 Constantium
364 3577 516 3632 Antiochiae
538 3579 583 3632 diu
601 3581 734 3634 sedentem
755 3579 813 3634 heic
838 3579 1034 3646 intelligendum
1059 3579 1111 3633 lete
1129 3579 1177 3634 de·
1242 3601 1245 3608 ¹

41 3651 192 3706 monstravit
209 3649 386 3704 Gothoiredus
404 3667 438 3702 ex
458 3651 560 3716 legibus
580 3652 692 3704 indidem
710 3651 792 3716 detis,
819 3632 855 3703 dt-
869 3667 903 3704 ex
920 3649 1014 3704 'iuliani
1032 3651 1109 3719 imp,
1128 3653 1176 3704 Li-

23 3719 114 3788 ·bsnii,
131 3721 276 3786 Athanasii,
293 3721 440 3788 Augustini,
457 3723 573 3775 Socratis
589 3725 748 3790 aliorumque
766 3724 927 3776 testimoniis.
962 3723 1098 3776 Valentem
1109 3739 1176 3794 quo·
1292 3755 1294 3764 ν

41 3807 89 3856 que
101 3800 232 3848 moratum
250 3791 409 3860 aliquamdiu
428 3793 707 3860 Antiochiae'scimus3
724 3793 771 3849 sed
799 3801 885 3850 tumen
905 3800 990 3848 cetera
1013 3795 1096 3847 nostri
1111 3811 1176 3865 ope·

40 3864 74 3916 rls
90 3865 186 3920 iudicia
204 3865 384 3918 Constantium
401 3863 546 3932 designant.
638 3875 640 3889 ’
875 3865 878 3878 ‘
1035 3917 1038 3920 .

107 3937 138 4003 3)
156 3936 275 3990 Aedificii
303 3921 386 4004 gelius
408 3938 574 4004 appellationi
588 3927 591 3938 ’
604 3948 668 3992 snae
694 3936 864 4004 conveniens,
897 3933 974 4005 quale
1001 3935 1079 3992 etiam
1103 3937 1177 3994 Con-

39 4008 205 4078 stantinopoli
225 4007 307 4062 inhse
327 4010 446 4075 legimus.
991 4061 992 4067 χ

108 4081 140 4147 a)
159 4079 226 4134 eod.
253 4082 384 4144 mrensis,
411 4081 525 4148 itemque
540 4081 684 4138 inretiauus
707 4077 747 4150 gi.
769 4081 814 4133 lot
842 4078 1052 4132 contantinus,

108 4151 142 4220 4)
160 4152 201 4206 De
219 4150 267 4204 hoe
282 4151 430 4214 Constantii
454 4169 535 4222 opere
558 4153 732 4220 Hieronymus
750 4155 776 4207 iu
801 4151 923 4206 chronico
944 4150 1000 4219 (ed.
1018 4151 1176 4220 Roncalite)

39 4217 71 4270 td
89 4227 132 4274 ani
153 4223 248 4278 christi
256 4225 319 4289 351,
337 4223 646 4290 constantinensem,
665 4225 715 4278 ait:
734 4224 839 4298 magnis
856 4224 922 4294 reip.
939 4223 1062 4294 impensis
1081 4224 1110 4274 in
1127 4227 1176 4275 Se·
1195 4262 1202 4276 .

41 4288 130 4345 leucia
148 4293 244 4367 Syrias
258 4303 355 4366 portus
370 4293 495 4368 efferim,
528 4298 587 4352 nlla
604 4300 643 4353 rei
660 4299 807 4354 testimonia
823 4298 937 4356 cumuln
951 4295 1140 4366 Gotholredus.
