2698 4804
107 215 112 252 ¹
208 179 210 186 l
287 220 584 334 ,Myrtoopatlb
640 199 680 292 8.
736 219 884 293 748.
1000 235 1013 302 j
1055 205 1177 317 205.

63 399 242 484 proprietates
256 423 327 468 -non
346 399 477 490 dpbium
499 411 557 468 est.
611 403 732 468 Aestas
752 402 835 468 enim
865 403 951 490 igni,
988 415 1159 476 autumnus

62 494 161 564 terrae,
177 487 426 576 biemsaqua'e„
447 510 501 556 ver
522 486 588 553 adri
611 487 810 555 assimilatur.
972 561 977 575 p
1152 541 1155 554 .
1216 561 1219 577 Ι

126 573 154 636 7.
181 573 350 642 Ueronam
395 595 525 661 quoqne
560 571 697 638 Phoebo
722 573 788 658 XII
821 573 978 655 faidum,
1023 577 1158 644 flammis

59 653 248 739 fulgurantem
287 660 424 746 annique
463 657 573 725 itidem
607 657 803 726 diversitates
820 670 824 690 '
842 597 1052 744 dgurautem
1073 661 1159 730 dant.

58 739 233 810 Dicuntnra
269 746 385 834 fronte!
406 766 477 810 esse
496 765 654 830 ,gemmae
687 754 770 818 tres,
801 741 940 832 lychnis,
973 747 1098 814 astrites
1127 759 1184 816 et⁵
1227 755 1229 758 ’

43 846 223 907 ceraunus,
248 853 343 916 quae*
366 827 435 915 ejus
465 829 577 896 faciem
607 850 626 893 a
653 829 836 916 cognitione
871 833 1162 920 concupiscentium
1244 851 1250 866 “

55 908 322 996 impenetrabilibus
342 915 505 981 radiorum
526 913 705 1000 fulgoribus
724 915 880 996 occuluit3
914 939 1048 1014 qrparum
1068 920 1162 985 aliam

12 1059 15 1074 ¹
56 993 90 1057 de
108 997 204 1064 fronte
225 1001 442 1079 Geminorum,
465 999 507 1065 de
528 997 646 1064 Cancri
665 1002 799 1064 cerebro
818 1001 957 1078 alteram,
980 1025 1020 1068 err
1042 1004 1162 1070 Leonis

55 1080 145 1164 oculis
170 1086 298 1152 tertiam
329 1084 443 1166 dicunt
480 1096 662 1152 assumtam.
722 1085 810 1150 Aliae
846 1109 939 1174 sex,
960 1087 1162 1174 smaragdus,
1241 1162 1245 1169 s
1335 1151 1341 1166 .

25 1235 28 1253 ι
55 1166 155 1254 scythis
184 1173 215 1236 et
240 1171 353 1260 iaspis,
384 1169 609 1258 heliotropius,
641 1167 802 1238 dendrites
833 1182 867 1237 et
892 1171 1090 1260 hyacinthius
1120 1189 1205 1242 exto
1307 1189 1308 1196 ’

54 1262 174 1338 utroque
195 1254 293 1322 latere
322 1256 451 1322 rutilare
475 1255 702 1345 perhibentur,
737 1278 816 1344 quas
834 1255 866 1321 'ei
889 1257 954 1322 Ver
977 1270 1009 1324 et
1032 1266 1163 1325 Autum-

55 1356 102 1402 nus
131 1338 254 1408 dedisse
287 1343 454 1410 feruntur..
493 1338 658 1408 Posterior
686 1363 761 1444 pars
787 1364 927 1418 coronae
955 1344 1101 1433 crystallo
1131 1355 1165 1411 et

55 1422 202 1492 adamante
217 1441 257 1494 et
279 1424 430 1515 hydatide
451 1425 609 1512 lapidibus
632 1424 749 1492 dionor
771 1427 917 1514 alligata,
949 1451 1029 1516 quos
1051 1429 1165 1495 Hiems
1215 1463 1217 1468 ·

56 1510 185 1652 paroisse
206 1515 409 1578 memoratur.
451 1513 579 1578 Horum
602 1511 629 1574 la
654 1510 740 1577 idum
770 1525 902 1580 naturae
925 1526 957 1580 et
982 1514 1050 1602 typi
1072 1515 1165 1604 juxta

82 1595 219 1681 emigium
247 1596 430 1686 hujusmodi
459 1610 541 1663 sunt.
596 1602 615 1632 ‘⁶
648 1619 683 1662 er
709 1619 859 1674 coronam
885 1598 1032 1683 Apollinis
1064 1617 1211 1668 annusla
1265 1601 1266 1609 ’

55 1672 231 1768 intelligitur3
270 1705 329 1770 per
363 1681 425 1748 ΧΠ
459 1681 579 1770 lapides
602 1681 664 1746 XII
689 1705 813 1750 menses
842 1694 875 1752 et
894 1685 941 1749 lv
966 1687 1046 1751 anni
1084 1698 1164 1752 tem·
1253 1735 1257 1761 ,

53 1782 134 1845 pora,
156 1769 340 1858 supputatis
372 1765 477 1849 trinis;
506 1789 565 1854 per
588 1777 653 1832 tres
682 1790 826 1854 gemmas
860 1769 1005 1842 afronte
1036 1772 1166 1857 positas,
1269 1829 1272 1835 .

53 1847 100 1911 trio
119 1851 232 1937 sigum<
252 1876 337 1941 quae
358 1850 405 1918 sol
428 1853 551 1920 aestivis
572 1851 684 1918 diebus
706 1856 908 1932 transcurrit,
938 1857 1165 1944 significantur.
1201 1877 1208 1902 r
1254 1928 1258 1936 ,

53 1929 122 1998 Nam
142 1940 228 2005 lions
251 1938 326 2006 anni
347 1947 452 2006 aestas
475 1951 532 2018 est,
554 1939 744 2024 flagrantior
766 1939 909 2007 videlicet
923 1949 959 2008 'et
980 1943 1167 2009 eminentior

49 2039 120 2162 pars.
160 2023 222 2092 Est
246 2037 354 2090 autem
374 2021 528 2110 lychnites
548 2022 576 2088 la
601 2023 626 2088 is
648 2047 838 2113 purpureus,
862 2049 957 2113 qorem
981 2028 1044 2094 fert
1064 2027 1211 2105 Iudicat)
1316 2077 1318 2090 r

59 2115 233 2176 acerbarum
280 2107 406 2196 fulgore
439 2108 562 2196 resplen
588 2130 661 2187 ens3
707 2110 794 2176 unde
829 2122 862 2176 et
889 2133 1003 2176 nomen
1040 2114 1168 2195 sumsit;
1260 2171 1263 2192 ,

49 2207 108 2254 nam
128 2189 254 2284 fulpoog
275 2195 414 2271 G‘raece,
435 2193 577 2258 lucerna
601 2190 727 2260 dicitur.
770 2195 894 2262 'Pactus
916 2200 976 2260 sub
997 2198 1063 2263 sole
1080 2199 1170 2285 ,digi-

49 2273 81 2337 tis
111 2265 215 2366 palehs
257 2278 362 2360 trabit.
426 2275 547 2346 Fertur
578 2277 719 2344 subitum
749 2280 950 2366 restinguere
974 2280 1171 2363 incendium,

47 2356 172 2461 ideoque
206 2364 357 2434 Vulcano
386 2373 592 2430 consecratus
620 2373 681 2429 est.
725 2365 939 2516 comparatur
959 2388 1042 2432 vero
1057 2369 1171 2434 Gemi-

48 2466 90 2510 nos
131 2462 273 2540 propter
306 2470 501 2538 purpureum
536 2448 711 2530 colorem3.
738 2473 801 2538 quo
861 2450 937 2518 dum
974 2453 1020 2518 sol
1062 2457 1213 2526 menseas
1244 2493 1245 2501 κ

47 2529 132 2598 lunio
151 2538 183 2602 in
205 2538 304 2623 signo
327 2533 534 2602 Gentinorum
555 2546 620 2613 est,
651 2532 794 2623 ¹orpurei
814 2536 930 2624 passim
948 2537 1045 2604 flores
1067 2561 1188 2624 erum»,
1259 2609 1263 2619 ⁸

46 2630 124 2702 punt.
172 2623 313 2690 Astures
346 2630 397 2687 est
424 2639 553 2707 gemma
574 2557 726 2701 candida,
759 2622 880 2690 habens
907 2622 989 2689 intra
1017 2645 1052 2690 se
1081 2625 1178 2711 quasi,

47 2703 156 2772 stellam
189 2702 469 2791 deambulantem
510 2705 596 2772 unde
625 2717 660 2774 et
690 2706 730 2773 ab
763 2719 862 2772 astro
893 2729 1008 2789 nomen
1037 2711 1173 2796 accepit.
1226 2779 1227 2786 χ

45 2787 190 2879 Hiclapis
213 2795 346 2860 Cancro
359 2799 564 2877 comparatur
573 2801 706 2880 propter
718 2791 878 2862 stella-runt
897 2793 965 2883 ejns
979 2793 1174 2862 altitudinem

43 2884 75 2942 ut
95 2875 301 2944 claritatem''.
360 2937 361 2940 ,
595 2892 597 2900 ’
893 2955 895 2961 Α
1180 2897 1217 2948 8⁰

119 2963 150 3028 8.
195 2964 391 3030 “Ceraunus
413 2959 491 3048 lapis
514 2971 563 3028 est
585 2960 696 3026 fulvus.
746 2957 942 3048 Repp'eritur
970 2964 1026 3030 ubi
1059 2964 1175 3029 crebra

46 3034 171 3116 solmios'
190 3046 333 3127 cadunt,
362 3059 395 3114 et
416 3057 529 3112 contra
553 3046 681 3112 fulmina
703 3046 806 3111 fertur
822 3049 990 3135 opitulari,
1020 3072 1039 3116 a
1060 3049 1175 3152 oporibus

24 3130 132 3200 'etiam
155 3156 278 3201 nomen
298 3131 404 3196 habet.
447 3131 530 3196 Nam
560 3129 694 3213 fulmen
716 3133 844 3196 Graece
862 3129 1175 3220 uspooodc'droitur.

44 3214 134 3284 Unde
155 3233 190 3288 et
213 3221 340 3286 montes
360 3214 452 3303 Epiri
472 3217 514 3280 ob
545 3202 707 3281 fulminum
740 3217 961 3319 spequentiam'
978 3220 1022 3285 ibi
1057 3218 1175 3285 caden-
1236 3229 1237 3239 ¹

44 3299 115 3368 tium
137 3303 325 3372 Ceraunia
343 3311 415 3376 sunt
445 3301 635 3389 n·nncupati;
667 3321 746 3388 quos
767 3315 860 3368 etram
888 3315 1019 3392 propter
1040 3296 1219 3372 altitudi-cu
1331 3347 1332 3352 κ

43 3407 110 3454 nem
152 3404 189 3456 et
227 3387 390 3455 fulminum
422 3387 529 3475 jactus
562 3386 825 3453 Acroceraunia
859 3391 1040 3478 expressius
1074 3391 1177 3456 dictos

45 3469 231 3562 invenimus
273 3472 413 3538 Names
442 3470 547 3561 topos
575 3481 719 3537 acutum
747 3473 989 3562 interpretatur,
1026 3486 1059 3540 et
1093 3474 1179 3562 dopo
1248 3489 1250 3494 “

40 3559 285 3640 promontoria
307 3557 470 3623 vocantur.
522 3557 607 3622 Hibe
642 3567 674 3622 et
704 3557 870 3627 Arcadiam
909 3560 1129 3626 Nonacrium
1159 3584 1179 3625 a

42 3661 155 3710 nonem
182 3643 412 3732 promontoriis
436 3640 552 3711 dictum
575 3639 690 3718 volunt,
712 3642 794 3709 sicut
808 3645 954 3717 ,Siciliam
968 3644 1178 3726 Trinacriam,

41 3729 162 3812 qnod,
185 3740 225 3795 ut
246 3728 289 3793 ait
310 3728 502 3806 Martianus,
532 3728 632 3794 tribus
652 3731 875 3812 promontoriis
897 3731 1084 3816 triangulo
1100 3740 1225 3798 'cen-tn
1250 3809 1253 3814 ,

8 3891 10 3896 ,
41 3827 164 3904 seatun,
212 3813 342 3901 Quippe
363 3799 552 3902 Pachynus,
581 3811 842 3913 utipsedooet,
871 3812 1054 3888 meridiem,
1085 3815 1180 3882 Pelo·
1219 3876 1222 3890 ,

40 3917 95 3966 rus
135 3913 314 3976 occasum,
351 3896 538 3973 Lilbaens'
561 3897 689 3963 Africae
723 3900 804 3968 fines
836 3909 968 3987 spectat,
995 3903 999 3914 ’
1035 3899 1182 3968 Eandem

39 3993 151 4050 tamen
189 3980 332 4051 Siciliam
352 4033 354 4038 κ
373 3923 595 4134 Tlo'pooetycm
620 3994 781 4072 tamquam
802 4008 823 4050 a
841 3982 955 4048 tribus
983 3993 1182 4085 etquncstto
1285 3999 1288 4008 “

41 4068 174 4136 dictem·
188 4069 359 4155 legimus,¹
373 4090 436 4155 quo
489 4087 576 4132 crrca
599 4069 722 4136 eadem
743 4071 804 4137 tria
831 4081 1048 4155 promontoria
1068 4073 1182 4138 cuebra

39 4157 109 4220 lieri
134 4154 365 4221 consueverint
390 4152 580 4237 naufragia,
613 4164 646 4220 et
674 4166 739 4221 tres
759 4153 876 4223 ibidem
909 4154 1024 4222 fuerint
1053 4165 1225 4244 portuens
1327 4220 1340 4236 ,

41 4240 130 4306 uode
168 4250 207 4303 et
238 4239 418 4327 frequentes
454 4237 567 4309 Siculis
600 4253 750 4330 quaestus
782 4239 1027 4329 proveniebant,
1060 4255 1093 4310 et
1123 4243 1183 4311 tria
