2698 4804
370 171 653 307 np'uopsnr.
707 205 748 278 o.
801 176 855 282 a(
1077 201 1183 280 ars*

60 383 184 472 gotiatori
211 387 343 453 maxime
361 383 556 474 'linguarum
584 384 730 453 dissertio
763 375 803 454 sit
831 388 1041 456 necessaria.¹
1075 387 1157 456 Ideo

13 537 17 560 ,
59 485 217 556 superorum
238 485 270 540 et
280 472 462 563 xinferorum
483 471 725 548 internuntium,
757 471 831 558 quia
851 483 953 542 terras
975 485 1158 566 peragrant,

58 575 127 619 mare
145 557 314 624 ascendunt
335 569 370 624 et
388 556 592 626 transfretant
612 557 821 643 negotiantes.
863 557 968 626 Deum
991 583 1062 628 esse
1085 559 1159 626 iurti
1278 625 1280 634 ,
1314 581 1317 588 ’

55 649 80 703 ct
96 639 188 734 ipsum
216 641 332 732 iurem,
353 641 458 729 ,quod
488 653 683 710 mercatores
713 640 861 746 perjuriis
892 645 1008 714 suiset
1029 643 1158 711 fallaciis

54 723 116 789 alios
135 725 338 812 decipientes,
360 729 485 794 minime
507 749 527 794 a
549 727 670 794 furibus
691 726 816 794 distent.
839 699 956 794 'llnde
977 743 1009 798 et
1026 737 1184 816 argemo

52 809 134 876 oculis
154 811 181 876 ei
203 811 281 901 falce
304 814 420 887 erutis,
455 811 571 892 dicitur
592 810 765 891 occidisse,
799 811 885 900 quod
906 817 999 882 astuti
1022 815 1107 882 iures
1130 813 1189 882 et'
1275 809 1308 912 κ’

53 891 167 961 falcatae
186 893 347 966 versutiaex
362 895 443 964 dolis
462 896 608 966 initructi
631 898 847 984 negotiatores
868 920 966 986 saepe
988 900 1082 967 etiam
1110 923 1161 965 sa-

50 978 237 1062 pientissimos
258 984 358 1063 viros,
386 982 443 1048 sed
465 981 636 1049 saecularis
658 981 833 1049 calliditatis
854 1006 981 1065 vacuos,
1002 983 1073 1051 deci
1095 985 1164 1052 iant

49 1077 76 1125 et
93 1063 282 1135 defraudent.
336 1079 441 1154 Argus
465 1089 601 1156 namque
619 1091 750 1132 vacuus
767 1067 1009 1156 interpretatur,
1085 1069 1162 1137 allus

50 1147 105 1233 ejus
130 1149 298 1254 deputatur
334 1152 514 1232 custodiae,
557 1151 644 1303 «prod
670 1153 753 1217 baec
786 1152 851 1219 avis
879 1154 1016 1220 maxime
1047 1154 1204 1222 boramlo

49 1235 182 1321 surgendi
218 1239 471 1312 mercatoribus,
532 1237 564 1304 ui
588 1261 624 1304 us
664 1250 807 1324 praeest,
854 1236 1008 1325 denotare
1055 1237 1162 1304 videa·
1337 1317 1338 1322 ἵ

50 1329 99 1414 tpr,
151 1323 283 1410 Virgam
314 1323 387 1389 ideo
409 1261 586 1414 secunllum
619 1321 801 1408 Remigium
825 1323 904 1400 lert,
947 1321 1034 1411 quod
1057 1345 1162 1394 sermo
1226 1351 1230 1357 ·
1323 1321 1327 1328 ’

49 1403 203 1473 racundiae
218 1419 309 1492 recto
337 1409 467 1476 rationis
485 1408 614 1476 tramite
635 1419 668 1474 et
696 1408 910 1494 promtissime
932 1409 1162 1496 pronuntiatur.
1180 1481 1183 1487 ,

48 1484 112 1553 ldeo
132 1495 328 1582 serpentibus
348 1495 493 1560 innexam
515 1505 548 1560 et
570 1491 745 1561 caduceum
767 1493 899 1574 dictam,
921 1492 1006 1580 quod
1028 1493 1163 1560 rhetoris
1204 1555 1210 1572 ,

50 1593 135 1642 sermo
170 1579 254 1646 iuter
290 1584 464 1645 venenosas
508 1578 759 1646 adversariorum
800 1578 991 1665 litigationes
1028 1578 1205 1651 mediolano

12 1689 13 1706 κ
49 1679 202 1742 carrena,
215 1687 344 1732 omnem
364 1665 462 1729 rixam
486 1662 604 1730 dedere
624 1674 739 1750 cogat,
766 1687 886 1753 eosque
907 1664 965 1730 sibi
990 1662 1163 1730 adinvicem

35 1747 218 1816 reconciliet.
276 1749 361 1815 Nam
398 1748 547 1816 bellantes
590 1746 785 1818 disertorum.
819 1750 962 1816 oratione
1003 1748 1164 1816 sedantur.

49 1823 127 1926 Unde
159 1833 339 1902 secundum
379 1833 502 1901 Livium
544 1831 641 1936 legati
680 1836 922 1900 oarlrrceotorea
959 1834 1163 1922 appellantur.

49 1909 124 1982 Srcut
142 1921 222 1986 enim
244 1941 305 2008 per
327 1918 454 1986 feciales
477 1918 557 1985 bella
578 1917 818 1998 rudiocbumur,
839 1919 882 1985 ita
904 1941 964 2007 pax
987 1939 1043 2007 per
1065 1917 1164 1985 cado»

49 2013 172 2093 uectores
193 2006 459 2093 componebatur.
516 2003 613 2078 Quod
637 2003 719 2070 enim
747 2003 821 2070 ideo
842 2005 1021 2071 Mercurius
1040 2005 1207 2092 virgamao

48 2082 117 2151 lerre
135 2086 276 2176 putetur,
297 2091 371 2177 quia
389 2088 477 2156 sidua
498 2088 648 2154 Mercurii
669 2112 742 2166 non,
761 2089 842 2156 sicut
859 2088 987 2175 quidam
1008 2089 1170 2179 planetae,
1241 2149 1243 2155 ,

47 2189 92 2250 per
120 2175 291 2244 anfractus.
312 2175 455 2241 absidum
475 2171 632 2252 incedat,
669 2173 799 2260 quando
822 2196 896 2239 curn
917 2175 985 2240 sole
1006 2186 1071 2252 est,
1106 2173 1165 2240 sed

48 2252 151 2324 directo
173 2261 298 2328 seratur
320 2260 461 2337 tramite,
496 2269 570 2326 octo
592 2271 696 2326 tamen
719 2270 825 2344 partes
845 2257 1015 2326 latitudinis
1044 2257 1167 2327 zodiaci

46 2348 179 2429 iungens,
209 2345 428 2435 egc,quidem
448 2365 511 2410 non
534 2344 645 2434 probo.
694 2343 747 2412 Ex
768 2357 831 2430 quo
849 2342 931 2410 enim
952 2343 1078 2432 planeta
1098 2346 1167 2430 qui·

45 2419 108 2493 libet
136 2429 206 2518 plus
238 2453 336 2521 quarn
366 2452 461 2497 unam
491 2429 522 2496 in
558 2427 723 2498 latitudine
754 2427 885 2494 zodiaci*
908 2427 950 2493 de
964 2443 968 2452 ’
984 2423 1048 2494 XII
1078 2428 1208 2502 lineirae
1327 2461 1332 2484 ι

44 2514 155 2598 transit,
186 2529 281 2586 recto
302 2515 428 2584 tramite
450 2514 629 2606 procedere
649 2529 713 2581 non
738 2524 788 2581 ast
815 2512 983 2604 putandus.
1034 2513 1167 2600 Virgam

42 2593 111 2664 illam
129 2625 306 2670 memorem
327 2600 464 2690 appellat
496 2601 687 2681 Martianus,
722 2601 797 2688 quia
818 2605 922 2670 sermo
944 2598 1104 2687 quaelibet
1123 2597 1167 2666 ad

42 2688 214 2769 memoriam
251 2687 372 2754 ducit,
401 2685 580 2753 Raetiam
606 2709 751 2753 somnum
784 2683 841 2752 dat
869 2695 902 2751 et
930 2683 1057 2758 adimit,
1091 2684 1166 2788 rpuia

42 2789 134 2836 sermo
155 2774 346 2862 ingeniosus
379 2771 448 2839 lites
469 2771 561 2849 alias,
596 2783 631 2838 ut
651 2769 803 2850 diximus,
838 2769 938 2858 sopit,
970 2769 1047 2835 alias
1068 2779 1165 2835 etiam

41 2865 270 2948 nonnumquam
292 2856 417 2924 excitat.
460 2856 565 2921 Vitam
584 2878 714 2946 qaoque
733 2853 867 2940 largitur
889 2865 922 2921 et
944 2855 1059 2928 aufert,
1079 2853 1209 2942 quodao

40 2937 113 3008 idom
133 2943 305 3012 rhetorum
316 2964 421 3009 sermo
440 2940 472 3006 iu
495 2939 599 3020 caude
620 2941 705 3005 bunc
723 2941 844 3020 liberat,
867 2939 951 3006 bunc
967 2939 1186 3006 condemnat·

113 3027 144 3094 4.
188 3029 267 3117 Sed
295 3039 329 3094 et
360 3027 504 3116 galerum
539 3021 675 3091 babere·
692 3024 807 3092 dicitur
836 3036 966 3112 propter
999 3021 1167 3090 involutam

39 3112 198 3194 verborum
222 3111 459 3186 obeouritatem.
509 3109 581 3175 Nec
603 3113 642 3176 ab
664 3111 712 3176 his
756 3108 863 3176 uidem
885 3109 1024 3197 Remigii
1047 3109 1168 3192 dissen-

39 3194 72 3258 tit
90 3191 283 3278 auetoritas,
318 3198 476 3287 potentias
506 3194 720 3272 Mercuriiad
735 3134 823 3266 liaeo
842 3197 938 3265 verba
959 3195 1166 3278 designantis.
1222 3245 1226 3250 .
1315 3211 1316 3218 ¹

39 3277 181 3366 Themis,
203 3286 323 3374 inquit,
337 3281 532 3350 obscuritas
554 3280 601 3346 vel
621 3280 737 3368 caligo
757 3281 1000 3368 interpretatum
1022 3279 1209 3367 Erigonem
1232 3269 1320 3428 Χ

38 3373 205 3439 contentio
226 3351 277 3437 vel
298 3367 453 3455 litigosa.
503 3365 579 3432 Hae
600 3363 793 3454 plerumque
805 3363 955 3432 Mercurii
976 3376 1049 3432 sunt
1070 3365 1168 3431 comi-

39 3458 99 3533 tes,
127 3455 206 3546 quia
227 3458 312 3522 baec
332 3452 452 3518 rhetori
473 3447 670 3519 conveniunt.
713 3454 829 3518 Sermo
849 3473 986 3538 namque
1005 3449 1181 3539 rlretorum'

36 3535 203 3626 aliquando
226 3543 385 3608 obscurus
404 3547 469 3612 eat,
497 3535 668 3625 aliquando
689 3537 811 3615 clarus,
842 3555 1077 3638 nonnumquam
1097 3535 1168 3602 lites

37 3633 80 3687 et,
91 3625 206 3714 jurgia
241 3629 411 3728 provocat.
464 3620 530 3687 Per
557 3623 714 3708 geminos
738 3633 919 3709 serpentes,
953 3622 1067 3708 quibus
1101 3620 1168 3723 ejus

34 3706 203 3779 innectitur
225 3726 334 3798 virga,
359 3726 517 3773 venenosa
538 3719 572 3773 et
591 3720 685 3774 acuta
706 3707 870 3774 rhetormn
891 3706 1038 3784 facundia
1060 3704 1210 3792 desrgndo

35 3799 131 3862 natur.
178 3797 308 3864 Gemini
330 3805 434 3860 autem
456 3790 530 3858 ideo
551 3803 640 3872 cunt,
661 3790 748 3862 cuod
771 3815 875 3859 sermo
897 3788 1058 3858 rhetorum
1079 3791 1169 3856 dam·
1244 3803 1250 3824 ¹

34 3893 85 3946 nat
106 3895 142 3950 et
164 3883 291 3950 liberat.
347 3879 414 3944 Per
435 3876 559 3964 virgam
579 3875 654 3944 vero
673 3865 749 3943 ideo
770 3877 904 3944 rhetoris
926 3899 1031 3942 sermo
1052 3876 1191 3963 accipi·-

34 3975 99 4044 tur,
129 3970 228 4055 quia,
257 3967 340 4036 sieut
361 3963 468 4050 virga,
501 3974 607 4030 reatus
629 3965 702 4033 esse
721 3973 754 4028 et
774 3961 917 4048 flexibilis
938 3961 969 4026 in
990 3959 1169 4028 oratoribus

35 4047 130 4118 debet
146 4048 294 4144 justitiae
324 4061 358 4116 at
384 4045 536 4114 veritatis
557 4060 677 4116 tenor*
717 4048 819 4136 Cujus
851 4047 961 4134 virgae
993 4059 1091 4134 caput
1119 4059 1169 4114 est

34 4149 201 4213 auratum,
225 4137 363 4202 medium
409 4133 552 4210 laucum,
584 4132 675 4221 picea
697 4133 784 4212 finis,
814 4131 887 4219 quia
907 4154 1012 4217 sermo
1032 4131 1209 4202 rhetoricos

33 4222 134 4306 primo
158 4219 291 4312 quidem
313 4155 445 4310 pulcier
467 4216 605 4301 ridetur,
638 4217 754 4323 deirrde
776 4232 998 4307 exasperatur,
1032 4217 1073 4284 ad
1094 4218 1167 4286 ulti-
