2786 4800
26 187 29 203 ’
137 241 174 296 u
555 211 852 302 raoonuruh.
951 245 959 254 ·

136 414 382 514 perlustranti,
427 421 499 486 tres
532 411 593 485 alii
623 413 756 530 antiqui
789 384 1035 516 mpihpgraphi
1068 375 1274 509 deprehensi

137 526 240 610 sunt,
275 535 364 614 quos
384 515 465 614 quia
486 516 571 588 sotis
593 511 707 588 'honos
732 524 767 586 et
789 511 942 586 eruditos
964 511 1143 604 videbam,
1177 514 1274 612 typis

136 615 316 717 divulgare
334 616 494 690 decrevi
541 616 684 688 Primus
700 613 975 718 mpthographus
995 616 1032 688 in
1048 641 1120 688 uno
1139 625 1275 687 tantum

134 709 331 793 Svecorum
363 717 446 792 olim
479 718 659 817 Reginae,
698 723 793 790 n'unc
809 719 1009 810 'vaticano,
1049 715 1170 790 codice
1202 725 1271 807 est,

134 818 358 894 membraneo
389 878 391 888 J
424 829 614 916 coetero„
651 817 751 917 eujus
787 820 930 918 scriptio
968 817 1013 890 ad
1048 817 1090 891 X
1123 817 1181 890 vel
1213 817 1279 904 XI,
1324 889 1327 896 ,

135 911 273 995 Christi
300 846 485 995 sacculum·
505 919 687 994 referenda
712 919 863 994 videtur.
924 918 1111 1020 Secundus
1135 917 1273 1019 mytho-

20 1066 24 1088 .
75 1033 81 1072 r
134 1015 292 1122 griphus
320 1025 359 1096 in
390 1021 511 1097 eodem
541 1021 664 1108 ¹codice
689 1022 848 1122 Reginae
879 1031 933 1095 cst
965 1018 1063 1122 (nam
1092 1019 1135 1093 dc
1164 1017 1275 1095 allero
1299 1051 1311 1076 ‚

6 1195 7 1198 ,
86 1157 89 1166 ’
134 1123 322 1222 exemplari
343 1113 434 1196 inira
453 1121 608 1224 loquar),
636 1150 742 1195 mnou
758 1135 873 1198 temen
893 1125 1083 1221 posteriore
1098 1133 1271 1230 exaratus,

135 1225 184 1296 ita
208 1236 248 1297 ut
272 1224 346 1324 ejus
374 1228 546 1322 scriptura
572 1221 743 1306 recentior
770 1252 842 1299 uno
870 1223 1010 1298 saeculo
1039 1225 1276 1324 quam-primi

129 1325 308 1399 *credendo
332 1327 389 1400 sit.
443 1328 585 1401 Tertius
608 1325 884 1426 mythographus
910 1351 955 1399 ex
974 1325 1094 1400 codice
1115 1328 1276 1400 vaticano

29 1459 30 1470 ¹
133 1426 253 1524 prodit
282 1427 524 1521 membraneo,
567 1429 698 1502 saeculi
724 1439 763 1500 ut
788 1440 874 1527 puto
902 1427 1004 1521 XII,
1022 1511 1027 1529 ,
1042 1430 1100 1500 eui
1119 1426 1275 1503 ‘Fulvius

89 1573 91 1579 ι
134 1527 288 1618 Ursinus
312 1529 488 1627 quondam
516 1529 675 1604 dominus
702 1529 794 1609 hane
821 1528 1044 1629 epigraphem
1076 1554 1141 1606 sua
1168 1552 1276 1601 manu

134 1627 240 1706 l'ecit:
268 1632 507 1706 'Incertus
547 1633 600 1707 de
643 1630 731 1705 diis
776 1634 991 1731 gentium.
1026 1633 1029 1648 '
1061 1629 1149 1702 Ful.
1185 1629 1271 1701 Urs.

134 1729 236 1805 Idem
267 1742 383 1806 tamen
413 1736 451 1807 in
483 1734 551 1807 alio
581 1736 682 1807 etiem
716 1732 938 1806 membraneo
962 1733 1121 1831 Reginae
1153 1730 1274 1806 codice

5 1867 17 1894 ι
96 1872 99 1876 ·
134 1835 302 1930 occurrit,
325 1834 541 1908 scdduohus
557 1835 665 1923 l'ermc
679 1833 826 1908 saeculis
844 1835 1050 1928 recentiore,
1072 1833 1134 1931 qui
1149 1826 1274 1906 Albri·

135 1959 216 2007 cum
249 1961 389 2036 quoque
424 1940 599 2031 eontinet,
647 1948 683 2010 et
715 1937 866 2010 vaticani
903 1933 1033 2007 codicis
1069 1931 1282 2009 tractatibus
1316 1945 1321 1950 ’

63 2087 65 2093 -
134 2036 244 2130 XIV,
279 2037 637 2138 quintumdecimum
666 2037 762 2111 addit
787 2036 830 2110 dc
855 2036 988 2110 zodiaci
1009 2037 1139 2136 signis:
1170 2059 1275 2134 quem
1307 2079 1310 2086 =

134 2148 318 2211 mactatum
338 2138 492 2238 ejusdem
516 2166 592 2214 esse
614 2141 784 2229 auctoris,
812 2138 871 2212 hic
890 2161 974 2211 senc
996 2137 1117 2212 suadet
1138 2137 1271 2232 codex3
1381 2186 1387 2208 .

38 2303 42 2310 .
135 2238 200 2314 sed
234 2239 329 2314 haud
362 2244 436 2317 scio
472 2268 517 2314 an
550 2253 655 2352 neget
688 2241 796 2342 paulo·
823 2238 990 2314 incultius
1023 2239 1169 2313 sortasse
1203 2239 1274 2318 stili
1351 2238 1353 2242 ’

134 2341 282 2443 genus(
322 2344 462 2416 Rursus
490 2345 628 2416 tertium
644 2341 946 2444 ‘mythogrephum
969 2343 1083 2440 reperi
1108 2343 1210 2413 etiam
1235 2343 1274 2414 in
1387 2417 1388 2422 ,

133 2443 289 2540 palatino
318 2443 523 2538 chartaceo,
559 2443 620 2516 uhi
648 2456 763 2540 tameo
789 2443 1011 2536 desideratur
1030 2452 1197 2516 tractatus
1229 2437 1273 2540 dd
1383 2490 1385 2499 ·

134 2544 304 2638 Pallade,
342 2546 470 2619 nedum
497 2558 693 2646 postremus
719 2545 763 2618 de
793 2545 948 2619 zodiaco.
990 2531 1171 2644 'Denique
1196 2572 1273 2646 mp-

74 2647 78 2660 '
134 2645 322 2747 thogra'phi
350 2650 441 2720 tertii
468 2646 731 2746 compendium,
768 2648 854 2746 ipsis
881 2645 1107 2748 protographi
1131 2649 1274 2721 retentis

33 2805 39 2812 .
79 2830 82 2840 Ι
133 2746 272 2839 verbis,
311 2750 349 2820 in
381 2750 543 2824 vaticano
571 2748 724 2845 quodam
750 2747 972 2848 membraneo
1001 2775 1148 2851 magnae
1171 2747 1275 2822 molis
1316 2789 1319 2796 ·

7 2923 8 2926 ,
133 2845 357 2922 historiarum
382 2852 556 2924 variorum
582 2850 703 2924 codice
728 2851 978 2925 continetur.'''

6 2955 8 2970 '
208 2949 261 3020 Π.
307 2950 486 3025 “Primus
519 2935 812 3054 mpthog'raphus¹
829 2955 972 3051 quinam
1008 2950 1114 3023 homo
1152 2950 1270 3045 luerit,

133 3050 314 3125 manifeste
345 3052 430 3126 dicit
458 3053 647 3154 epigraphe
674 3054 829 3128 secundo
856 3053 948 3127 libro
974 3054 1011 3124 in
1040 3049 1160 3124 codice
1189 3051 1272 3125 suh-

126 3149 245 3250 Jecia:
278 3153 440 3228 Exrmcrr
469 3157 579 3228 Lmen
602 3156 775 3230 Secuuous
813 3154 873 3228 ·G·
894 3155 1024 3226 Hucmt
1054 3152 1270 3227 Funutnnou.

32 3347 36 3356 .
132 3249 254 3350 Atque
274 3253 360 3328 haec
384 3259 585 3357 inscriptio,
614 3267 654 3329 ut
672 3256 904 3328 fabulatorum
924 3279 1020 3326 more
1034 3251 1109 3351 jem
1132 3255 1269 3354 loquor,

121 3353 327 3436 ,discordiae
358 3357 466 3431 veluti
497 3383 639 3458 pomum
671 3369 724 3430 est
752 3355 847 3454 quod
879 3358 916 3429 in
944 3354 1157 3429 eruditorum
1188 3383 1271 3431 con.

81 3455 83 3460 ’
132 3481 269 3528 sessum
305 3456 459 3556 jacitur,
505 3470 545 3546 ut
581 3456 663 3530 inde
697 3456 851 3552 bellum,
874 3459 877 3466 ’
897 3458 929 3530 si
966 3483 1037 3530 non
1073 3471 1270 3554 cruentum,
1310 3537 1319 3549 q
1373 3486 1388 3504 “

132 3554 335 3631 diuturnum
374 3571 467 3634 certe
505 3559 671 3657 dubiique
712 3561 824 3633 exitus
861 3557 1078 3633 eventiletur.
1151 3560 1272 3651 Quum
1312 3649 1317 3660 ι

132 3659 225 3730 enim
241 3660 426 3758 Hyginum
448 3662 634 3759 quemdam
654 3662 691 3732 in
712 3657 887 3759 impressis
907 3659 1005 3734 libris
1019 3659 1157 3759 jamdiu
1176 3662 1271 3760 lega·

130 3785 233 3854 mus,
265 3764 327 3859 qui
353 3787 374 3836 a
396 3765 556 3870 uaticano
580 3775 703 3838 nostro
726 3774 820 3885 totus
841 3761 1004 3886 dissidet,
1034 3774 1112 3835 uter
1133 3754 1273 3883 Hpgini
1296 3845 1299 3855 Ι

131 3885 273 4036 titt.
287 3863 1272 4066 'tttt‘ttt’slthtrtt‘ttttttbtlt

46 4161 48 4167 λ
130 4067 317 4138 sententias
346 4077 451 4166 atque
481 4071 698 4170 quaestiones
733 4070 794 4142 vix
825 4093 1016 4144 memorare
1049 4067 1178 4140 nedum
1216 4093 1272 4141 re·
1378 4067 1388 4102 ⁴

7 4255 8 4258 Ἴ
132 4189 274 4241 censere
307 4167 449 4266 licebit,
498 4172 567 4246 nisi
600 4173 680 4272 quis
714 4196 823 4270 prope
857 4170 1013 4244 infinitus
1047 4195 1125 4244 csse
1154 4167 1268 4244 voletz
1307 4177 1312 4184 “

131 4291 240 4368 quare
280 4270 429 4348 lectores
477 4271 523 4348 ad
568 4274 817 4376 amplissimam
858 4272 1044 4358 Stavereni
1086 4271 1271 4358 editionem
