2716 4794
140 203 143 216 ¹
191 223 271 298 150
466 214 649 321 Mytbcgr.
685 209 763 300 ll.v
792 207 1053 298 {cu-165.

187 409 230 474 ab
265 405 405 474 Hercule
434 415 469 474 et
495 403 663 494 Megaram
696 426 829 475 uxorem
857 417 890 474 et
911 429 950 474 ex
970 429 1012 473 ea
1027 401 1030 408 ’
1043 403 1125 472 filios
1156 412 1297 494 susceptos

185 497 388 572 interemtum
426 487 513 579 quod
532 491 649 557 sactum
669 489 774 556 suerat
794 491 922 558 lunonis
945 492 1102 576 instinctu.
1147 491 1230 556 Unde
1247 492 1299 556 ira-

186 593 239 646 tus
259 577 416 642 Hercules
447 590 580 664 propter
608 576 692 642 illum
720 576 779 644 sibi
809 575 1022 666 denegatam,
1050 581 1162 644 eversa
1186 577 1298 656 civitate,

187 662 345 732 interemit
364 663 539 752 Eurytum,
559 671 593 729 et
612 661 702 728 Iolen
722 661 853 729 sustulit
962 685 964 691 ⁴

163 855 181 901 0
284 829 378 905 160.
443 831 544 905 Duo
575 827 728 903 leones
765 830 818 905 ab
850 831 1053 905 Hercule
1097 809 1251 908 vieti(

271 959 429 1027 Hercules
453 953 535 1024 duos
556 953 664 1022 leones
685 959 860 1045 superavit,
881 980 977 1025 unum
998 957 1216 1038 Teumesium,
1238 957 1303 1024 ulte-

135 1057 142 1124 ]
187 1069 257 1113 rum
287 1046 493 1112 Cleonaeum.
543 1041 723 1109 Teumesus
751 1066 841 1111 mous
874 1054 923 1112 est
952 1046 1128 1124 Boeotiae;
1161 1045 1304 1110 Nemaens

187 1153 277 1198 mons
298 1131 464 1210 Arcadiae,
486 1126 595 1213 quiet
614 1127 793 1197 Cleonaeae
815 1128 938 1199 dicitur.
981 1130 1050 1196 Sed
1070 1131 1221 1198 Hercules
1240 1129 1304 1194 dnm

189 1218 230 1284 ad
255 1216 464 1283 occidendum
483 1211 662 1286 Nemeaeum
682 1213 805 1282 leonem
826 1215 912 1296 isset,
933 1217 974 1282 ab
995 1215 1176 1304 Eurystheo
1199 1214 1306 1294 missus,

148 1317 209 1369 1ua
232 1301 398 1370 Molorcho
418 1301 450 1366 in
471 1295 638 1386 hospitium
664 1309 712 1365 est
733 1313 910 1390 susceptus,
934 1300 1022 1391 cujus
1043 1303 1136 1368 filiam
1158 1301 1204 1367 leo
1223 1302 1308 1366 inter·

48 1401 50 1408 ’
188 1388 328 1468 fecerat3
362 1399 394 1454 et
421 1387 461 1452 ab
482 1404 542 1463 eo,
564 1384 724 1470 quomodo
749 1409 822 1453 cum
843 1385 935 1452 leone
958 1388 1067 1468 coiret,
1092 1385 1205 1453 didicit
1244 1389 1307 1463 Quo

189 1485 363 1561 superato,
385 1470 477 1538 ludus
498 1467 646 1553 instituit,
668 1491 749 1560 quos
770 1471 881 1542 eloco
903 1473 1047 1543 Nemaea
1069 1472 1234 1562 appellavit

520 1638 612 1715 161.
664 1636 816 1718 Aurea
854 1615 990 1744 poma.

192 1798 209 1836 ¹.
272 1769 419 1859 Juppiter
430 1790 526 1858 quum
534 1769 692 1836 Junonem
702 1771 986 1853 uxoremduceret,
996 1771 1103 1839 'l'erra
1113 1770 1204 1849 venit,
1218 1770 1310 1838 ierem

147 1873 289 1922 15aurea
297 1877 393 1944 poma
406 1879 477 1922 cum
493 1855 597 1922 ramis.
641 1855 825 1928 QuaeJunc
835 1857 1002 1938 admirans,
1019 1857 1110 1946 petiit
1124 1879 1143 1922 a
1157 1857 1264 1938 Terra,
1281 1868 1311 1923 ut

140 1986 147 2016 ,
185 1942 218 2006 in
240 1943 306 2008 suis
329 1941 428 2008 bortis
447 1951 589 2017 sereret,
610 1939 663 2026 qui
684 1954 776 2009 erant
794 1942 882 2032 juxta
902 1945 1059 2011 Atlantem
1080 1954 1225 2009 montem.
1264 1946 1311 2008 At-

136 2045 139 2050 ·
185 2025 391 2094 lantisautern
407 2025 499 2103 filiae,
515 2024 625 2110 Aegle,
640 2023 810 2107 Eretbusa,
827 2029 1078 2117 Hesperethusa,
1091 2051 1186 2116 quum
1200 2029 1311 2116 saepius

187 2109 229 2178 de
251 2113 415 2177 arboribus
437 2111 518 2178 mala
540 2108 764 2197 decerperent,
795 2111 879 2181 Juno
901 2113 1016 2182 dicitur
1068 2113 1226 2200 ervigilem
1246 2114 1312 2178 dra-

175 2217 299 2283 conem
320 2197 363 2262 ibi
384 2195 549 2263 custodem
581 2219 598 2259 1
624 2195 782 2282 posuisse,
814 2221 908 2288 quern
939 2139 1112 2278 Berenice,
1147 2200 1256 2266 missus
1277 2199 1312 2262 ab

143 2282 377 2371 adHurystbeo*
391 2281 432 2348 11
456 2219 671 2368 Hesperidum
694 2304 807 2367 poma,
842 2285 975 2366 occidit,
1007 2298 1040 2354 et
1061 2307 1155 2374 poma
1175 2283 1247 2350 inde
1265 2303 1314 2348 au-

185 2388 241 2433 rea
269 2367 347 2434 tulit.
398 2367 525 2432 Revera
551 2377 662 2448 ,autem
691 2365 809 2436 nobiles
845 2371 973 2441 fuerunt
1011 2371 1149 2460 puellae,
1192 2391 1315 2458 quarum

226 2475 305 2538 eges
327 2453 438 2538 abegit
459 2449 635 2530 Hercules,
664 2451 772 2540 occiso
795 2476 906 2528 eorum
928 2457 1076 2526 custode..
1116 2455 1211 2522 Unde
1232 2455 1316 2542 μῆλα

182 2474 784 2622 611ςί1111111011111,1011110111.
836 2540 920 2612 Nam
940 2547 1035 2634 μῆλα
1063 2542 1212 2611 dicuntur
1240 2561 1316 2617 ores,

65 2629 70 2644 ’
182 2633 216 2690 et
234 2617 430 2710 μηλονὸμος
451 2618 567 2686 dicitur
587 2630 698 2708 pastor
719 2624 833 2692 orium.
1177 2663 1180 2670 ι

206 2721 224 2750 Ι

78 2789 82 2796 ’
149 2846 186 2897 2⁵
397 2813 491 2892 162.
545 2821 770 2896 Hercules
804 2835 848 2898 et
880 2824 1114 2899 Deianira.
1221 2809 1228 2822 ¹

186 2952 190 2966 ‘
269 2945 428 3014 Hercules
460 2971 558 3037 quum
587 2949 620 3018 in
647 2949 783 3043 bospitio
811 2948 854 3017 ud
883 2947 1101 3018 Dexamenum
1129 2967 1247 3037 regem
1277 2967 1319 3012 re

185 3029 294 3108 nisset,
314 3031 505 3116 Deianiram,
526 3037 620 3107 filiam
642 3038 721 3127 ejus,
740 3035 891 3124 corrupit,
910 3049 944 3104 et
965 3034 1179 3114 fidem‘dedit,
1203 3058 1242 3102 se
1260 3052 1321 3098 eam

102 3145 103 3150 ¹
185 3139 319 3182 uxorem
349 3117 409 3182 sibi
436 3141 508 3186 esse
537 3121 717 3190 ducturum.
759 3125 841 3190 Post
867 3121 933 3211 ejus
964 3122 1138 3190 discessum
1168 3119 1321 3209 Eurytion

186 3201 368 3267 Deianiram
388 3203 488 3290 petiit,
514 3228 609 3294 quam
630 3220 732 3294 pater,
755 3209 816 3275 rim
838 3207 960 3286 timens,
982 3207 1150 3296 Eurytioni
1194 3203 1321 3272 remisit·
1345 3221 1347 3254 ⁴

143 3287 249 3360 3⁰(lui
273 3287 443 3361 constituto
473 3289 525 3356 dre
555 3315 627 3357 cum
651 3291 798 3360 fratribus
820 3291 862 3357 ud
883 3292 1009 3380 nuptias
1031 3293 1123 3359 venit.
1165 3231 1222 3360 iio
1247 3291 1322 3354 sorte

184 3374 254 3450 die,
280 3393 351 3466 'quc
381 3373 510 3460 nuptiae
538 3377 797 3455 celebrabantur,
829 3378 1054 3466 superveniens
1084 3377 1213 3445 Alcides
1245 3377 1323 3442 Can·

8 3459 10 3474 '
84 3539 86 3544 Δ
182 3467 292 3522 tauros
316 3451 493 3541 interiecit,
522 3472 556 3529 et
574 3461 758 3529 Deianiram
783 3463 943 3552 insperate
962 3486 1021 3532 suo
1034 3464 1253 3548 ,matrimonio
1277 3479 1323 3525 co·

85 3595 89 3604 .
183 3540 309 3628 pulavit.

383 3679 384 3684 ’
511 3677 603 3757 165.
656 3683 810 3762 Lerna
845 3689 993 3790 palus.

144 3835 179 3884 aa
218 3893 220 3898 Ι
270 3809 378 3878 Lerna
398 3807 488 3900 palus
512 3810 637 3899 iuitlin
662 3838 725 3904 qua
746 3816 847 3906 bydra
869 3820 968 3886 bestia
989 3827 1068 3898 erat,
1089 3818 1119 3887 L
1142 3817 1257 3908 capita
1278 3811 1331 3878 hfl·

185 3895 283 3976 bens,
312 3895 376 3975 vel,
404 3907 441 3963 ut
461 3894 511 3961 alii
531 3896 656 3979 dicunt,
686 3901 765 3986 v11;
794 3905 877 3992 quae
906 3905 1021 3974 Latine
1049 3903 1164 3972 dicitur
1188 3908 1332 3970 excetra·

185 3979 268 4044 Nam
289 3979 429 4066 Hercule
451 4004 521 4046 eam
544 3981 737 4069 debellante,
767 4011 830 4054 uno
859 3990 962 4079 capite
990 4014 1103 4070 caeso,
1131 3991 1197 4058 tria
1226 3983 1334 4070 cupitl

186 4066 393 4131 uescebanc
425 4067 529 4141 Qunam
552 4067 678 4136 demum
697 4073 775 4162 igne
797 4075 909 4142 vicisse
930 4076 1054 4145 dicitur.
1097 4075 1165 4142 Sed
1191 4069 1346 4142 constan}

186 4149 322 4236 hydram
349 4150 452 4216 locmn
481 4153 591 4234 lbisse,
633 4154 810 4230 uumeme'm
843 4183 961 4248 aquas,
998 4173 1155 4232 vcstuutes
1190 4145 1346 4236 vicinam(

146 4235 371 4306 sociotatem..
399 4237 463 4311 Qui
492 4259 588 4325 quum
618 4241 801 4332 frequenter
830 4237 1022 4334 siccaretur,
1053 4271 1094 4316 ac
1122 4239 1336 4340 multiplicius
