2716 4794
154 183 210 260 oc
302 143 307 150 ’
454 177 723 285 nicaen.
775 167 993 276 ‘sa-or.

375 365 445 448 62.
494 304 726 444 xSaturnus
763 379 816 444 ‘et
862 365 1123 470 Philyres·

144 471 145 478 ἵ
220 496 400 566 -Saturnus
433 494 509 563 dum
539 519 612 564 cum
642 507 749 565 amata
779 495 909 587 Philyra
936 517 1004 562 rem
1037 499 1188 580 haberet,
1207 476 1313 590 ‘Ops'

114 609 119 613 ·
160 583 230 675 ejus
252 605 334 649 uxor
362 581 499 648 advenit.
553 583 655 673 Cujus
679 583 891 671 praesentiam
921 583 1050 665 timens,
1081 585 1237 654 convertit
1254 610 1287 652 sc

157 669 190 734 in
211 689 338 756 equum.
381 667 508 734 Exinde
529 679 692 746 natusest
713 668 834 736 Chiron
855 666 984 735 dimidia
1003 680 1096 758 parte
1115 669 1221 751 homo,
1243 671 1287 738 di-

68 807 75 812 .
133 755 388 843 5midiaequi1s.
429 753 593 820 Habitavit
619 763 725 820 autern
756 753 788 819 in
810 753 916 834 Pelio,
949 753 1137 836 Thessaliae
1164 769 1286 842 monte;

157 863 265 928 aquo
291 837 424 917 achilles
443 836 486 905 'et
507 838 712 927 Aesculapius
742 839 855 907 nutriti.
878 839 1034 908 dicuntur.
1082 840 1148 908 Hic
1177 845 1287 929 postea
1342 845 1346 858 '

148 924 328 1078 'tratrppllpppss
355 936 405 992 est
419 922 515 992 -iuter
548 922 656 994 sidera
688 947 709 994 a
744 925 906 1008 Saturno,
937 936 971 994 et
1003 926 1106 996 lactus
1131 940 1193 1020 est
1221 929 1286 996 Sn-

152 1033 194 1102 gr
329 1057 338 1074 .

477 1143 552 1222 ὅδε
599 1147 953 1224 Prometheus.

114 1307 151 1356 1⁰
241 1273 456 1343 Prometheus
484 1297 581 1364 quum
610 1278 769 1346 hominem
796 1278 951 1366 lingeret,
984 1277 1072 1366 jussu
1093 1276 1227 1346 deorum
1250 1301 1288 1346 err

156 1364 301 1430 omnibus
324 1359 507 1427 animalibus
530 1363 717 1450 particulas,
746 1374 845 1451 prout
869 1374 939 1430 erat
960 1385 1070 1431 eorum
1093 1377 1223 1445 natura,
1259 1389 1278 1432 e

153 1475 173 1519 a
198 1452 345 1537 ponebat
397 1444 493 1512 Unde
514 1448 585 1526 aim
606 1449 714 1514 leonis
734 1449 908 1512 stomacho
929 1447 1064 1514 dicitur
1086 1451 1286 1536 apposuisse

152 1474 292 1615 idcirco,
322 1530 410 1619 qood
440 1532 606 1598 iracundia
634 1533 736 1620 magis
773 1531 1004 1614 accendamur3
1032 1534 1178 1602 timorem
1202 1557 1223 1602 a
1244 1535 1285 1600 lo-

153 1641 249 1709 porc,
276 1620 423 1686 astutiam
444 1640 464 1682 a
489 1618 601 1705 vulpe,
623 1641 642 1682 a
672 1631 820 1705 serpente
841 1619 1060 1722 prudentiam,
1076 1614 1110 1686 'a
1137 1620 1286 1686 colomba

33 1793 35 1798 Ι
113 1705 394 1793 15simplieitatem.
437 1703 532 1769 Fecit
554 1714 661 1769 autern
684 1703 841 1770 hominem
862 1706 1121 1772 inanimatumret
1152 1706 1284 1774 insensi-

156 1792 257 1856 bilem.
302 1789 403 1879 Cujus
426 1811 507 1874 opus
528 1788 670 1854 Minerva
690 1791 821 1868 mirata,
848 1790 1018 1878 spopondit
1039 1790 1068 1854 ei
1089 1793 1190 1872 ut,‚si
1209 1791 1285 1880 quid

153 1877 245 1944 vellet
261 1875 507 1941 dc'caelestihus
526 1871 567 1938 ad
588 1891 679 1940 suum
700 1875 992 1963 opus-inquireret
1022 1874 1078 1942 llle
1092 1899 1127 1940 se
1142 1879 1287 1956 nescire,

153 1963 213 2043 ait,
242 1983 330 2050 quoe
359 1959 447 2023 donc
471 1963 508 2022 in
540 1957 744 2024 caelestibus
777 1957 1005 2037 laederentur5
1037 1960 1113 2039 sed,
1147 1960 1179 2022 si
1193 1957 1285 2045 fieri

150 2057 334 2134 prosecutae
355 2065 465 2132 usque
482 2042 531 2106 ad
548 2065 690 2130 superos
710 2043 851 2121 levaret,
871 2056 974 2133 atque
997 2043 1132 2123 exinde,
1152 2044 1185 2107 si
1225 2045 1285 2109 uid

111 2131 250 2219 200peri
281 2152 342 2194 suo
368 2147 562 2214 congruum
590 2139 762 2202 cerneret,
797 2128 924 2206 melios
953 2148 1119 2216 praesens
1151 2069 1285 2194 crditer

153 2217 303 2280 tulisset.
344 2213 401 2279 llla
431 2215 514 2278 inter
545 2234 619 2278 oras
646 2205 856 2300 septemplidis
887 2213 989 2304 clypei
1015 2213 1171 2280 sublatum
1196 2216 1286 2280 caelo

150 2300 261 2368 intulit
304 2299 350 2366 Et
370 2296 445 2364 dum
467 2296 589 2365 rideret
609 2297 757 2364 caelestia
777 2298 914 2375 animata
941 2310 973 2366 et
986 2300 1104 2386 ¹rigore
1124 2312 1286 2385 vegetata,

151 2385 344 2468 Phpellaieis
366 2383 443 2450 rotis
465 2383 623 2471 applicans
645 2381 799 2462 faculam,
820 2383 929 2469 ignem
952 2385 1167 2472 consequitur,
1213 2401 1287 2452 uem

152 2471 287 2538 hominis
316 2468 476 2572 applicans
506 2467 646 2554 pectori,
673 2469 843 2534 animatum
872 2468 1022 2550 reddidit,
1062 2471 1205 2559 ‘Promet
1230 2493 1287 2536 eus

110 2555 258 2628 aedicius
280 2573 369 2644 quasi
391 2547 606 2640 προμήθεια,
626 2551 723 2638 quod*
736 2559 793 2619 nos
809 2553 922 2622 Latini·
934 2555 1194 2642 providentiam
1216 2555 1288 2633 Dei

154 2641 295 2722 dicimus.
339 2639 440 2714 Quasi
461 2637 531 2701 Dei
550 2637 787 2724 providentia,
806 2651 840 2706 et
859 2641 1002 2708 Minerva
1019 2639 1122 2730 quusi
1142 2639 1289 2707 coelesti
1351 2705 1352 2708 ,

150 2725 327 2814 sapientia
347 2724 443 2792 homo
465 2721 572 2800 ,lactus
593 2721 642 2788 sit.
1078 2732 1088 2750 “

380 2885 454 2962 cr,
504 2888 696 2965 nosrta
727 2857 1056 2997 ,Pr'om'etnen
1101 2836 1105 2844 ’

235 3016 361 3105 Antiqui
392 3040 490 3106 quum
528 3030 612 3090 totas
653 3019 773 3090 hostias
807 3019 890 3084 inter
925 3038 1018 3084 sacra
1058 3028 1288 3086 consumerent

108 3105 298 3186 godamma,
326 3103 563 3192 Prometheus,
587 3105 640 3208 qui
667 3116 798 3194 propter
819 3101 1035 3171 excellentiam
1068 3103 1162 3170 animi
1183 3105 1288 3171 horni-

151 3213 208 3256 nes
231 3190 358 3256 finxisse
376 3190 579 3269 existimatur,
601 3205 789 3278 impetrasse
812 3212 834 3254 a
854 3189 935 3254 Jove
956 3189 1080 3269 dicitur,
1100 3199 1138 3255 ut
1159 3198 1288 3277 partem

148 3274 275 3344 hostiae
301 3275 336 3339 in
367 3275 476 3362 ignem
505 3277 715 3365 conjicerent,
749 3277 873 3362 partem
905 3276 937 3339 in
965 3296 1023 3341 suo
1059 3288 1289 3342 consumerent

149 3361 243 3427 victu.
287 3360 381 3434 Quae
409 3361 484 3445 dum
511 3361 709 3428 consuetudo
738 3357 946 3449 perduraret,
978 3360 1046 3450 ipse
1067 3362 1288 3428 Prometheus

150 3445 232 3512 duos
254 3457 362 3538 tauros
383 3447 568 3527 immolavit,
606 3451 751 3534 quorum
764 3444 879 3535 jecora
901 3460 998 3531 quum
1019 3447 1154 3534 primum
1173 3447 1205 3512 io
1230 3450 1295 3512 ara·

107 3533 329 3622 35posuisset,
371 3535 452 3598 tauri
488 3534 657 3619 utriusque
692 3535 838 3610 carnem,
857 3533 905 3594 -in
934 3551 1031 3598 unum
1060 3535 1288 3618 compositam,

150 3615 242 3684 corio'
258 3617 376 3684 bubulo
407 3618 500 3697 terit;
532 3641 605 3684 ossa
633 3639 716 3705 quae
738 3617 861 3682 circum
881 3617 1018 3698 fuerant,
1049 3618 1169 3704 reliqua
1198 3619 1289 3707 pelle

150 3716 312 3782 contecta,
343 3703 375 3768 in
397 3703 516 3768 medio¹
537 3702 717 3785 collocarit,
750 3702 823 3767 Jovi
855 3702 975 3770 faciens
1007 3711 1216 3792 potestatem,
1251 3717 1290 3773 ut

69 3865 71 3872 Ι
148 3812 242 3877 quam
265 3789 357 3861 vellet
377 3799 517 3864 sumeret
536 3800 668 3876 partem.
715 3787 861 3874 Juppiter
879 3803 1052 3877 utrumque
1072 3801 1188 3878 putans
1200 3800 1290 3856 -tau-

147 3897 218 3940 rum
234 3897 314 3954 esse,
337 3871 457 3960 delegit
476 3896 552 3940 ossa
571 3896 630 3961 pro
650 3895 709 3940 sua
724 3871 973 3974 dimidiaparte.
1014 3875 1162 3962 anpiter
1182 3897 1291 3964 quum

3 3957 4 4030 i
106 3961 269 4042 40sactum
298 3959 464 4038 rescisset,
499 3959 682 4026 mortalibus
712 3959 826 4046 eripuit
857 3981 984 4044 ignem,
1017 3983 1058 4024 ne
1091 3983 1166 4026 caro
1198 3963 1290 4030 utilis

2 4040 4 4109 l

149 4059 250 4124 esset,
285 4065 382 4131 quarn
405 4045 499 4130 coqui
525 4067 588 4110 non
609 4045 727 4134 posset.
771 4044 1128 4136 Prometheusnautem,
1161 4047 1291 4114 morta-

144 4129 226 4194 libus
248 4130 357 4216 ignem
380 4131 547 4210 restituere
570 4133 733 4216 cogitans,
765 4129 928 4198 Minervae
949 4132 1062 4197 auxilio
1086 4128 1209 4200 caelum
1237 4133 1305 4200 di:

97 4277 101 4286 ,
145 4214 227 4280 citur
241 4211 448 4296 ,ascendisse
477 4225 511 4284 et
531 4215 672 4284 adhibita
698 4214 742 4284 ad
772 4213 880 4284 radios
910 4215 984 4284 solis
1010 4217 1136 4300 facula,
1168 4217 1293 4305 ignem
