2786 4800
337 243 339 258 .
411 161 593 296 mycmpss
621 194 654 266 1.
708 145 912 268 as-sa.
1116 173 1235 312 [aa

246 323 323 481 ild,
371 325 564 473 Aloeus,
609 377 722 492 Otus
753 392 798 454 ct
826 377 1081 484 Ephialtes.
1109 447 1112 458 ,

179 493 301 592 Aloeus
330 523 538 616 Iphimediam
568 525 699 592 uxorem
727 523 854 604 habuit,
892 549 975 614 quae
1002 550 1186 618 compressa
1212 554 1233 598 a

81 612 251 700 ‚Neptuno
274 608 356 679 duos
377 611 517 699 peperit,
539 611 638 678 otum
659 623 692 677 ct
707 609 901 699 Ephialtem,
924 616 976 701 qui
993 612 1102 702 digitis
1119 636 1231 684 nonem
1271 671 1276 680 ,

16 713 19 720 ’
89 719 150 786 per
188 695 334 784 singulos
373 719 497 762 meuses
534 696 730 764 crescebant.
788 697 877 762 Preti
913 698 955 766 ita
981 721 1021 764 ue
1055 701 1231 774 altitudine,
1297 768 1301 791 Ι

89 781 373 938 ¹ciacluxtxpflvoluera
392 783 594 868 subverter03
624 780 683 850 sed
704 781 817 853 confixi
846 793 919 851 sunt
939 784 1063 852 Dianas
1084 798 1118 855 et
1138 787 1255 876 Apol-o

110 891 159 938 nxs
244 891 280 934 s„
1228 899 1231 906 ·

481 1065 551 1143 aa.
604 1004 842 1144 caesana.

185 1213 325 1293 Quidam
345 1213 466 1291 iulans,
487 1215 647 1304 expositos
669 1237 686 1280 a
709 1213 847 1302 quodam
868 1214 985 1287 lamulo
1000 1217 1092 1311 juxta
1112 1219 1229 1304 soctxm,

101 1303 135 1369 in
158 1325 217 1391 quo
235 1302 320 1372 soliti
340 1314 432 1368 eraut
453 1315 600 1387 pastores
617 1302 726 1388 ignem
750 1301 947 1386 accendere,
976 1307 1083 1374 calore
1103 1305 1230 1388 ductus,

105 1411 172 1456 sese
199 1389 230 1456 in
268 1397 406 1457 calentes
442 1385 565 1460 cineres
597 1387 701 1470 misit;
740 1387 956 1478 ,inventusque
987 1415 1007 1458 a
1039 1393 1229 1485 pastoribus,
1238 1412 1274 1470 xo

105 1473 230 1542 Vulcani
256 1471 340 1542 filius
369 1470 509 1540 creditus
535 1482 599 1553 est,
625 1471 683 1553 et,
716 1475 757 1539 ab
783 1473 838 1540 illis
867 1477 1038 1554 educatus,
1060 1477 1231 1548 'Caeculus
1336 1531 1345 1546 .

90 1572 144 1628 cst
166 1559 366 1649 appellatus,
398 1559 472 1645 qnia
499 1555 644 1650 parvulos
670 1579 709 1624 ex
737 1559 814 1645 igne
841 1561 981 1629 babebat
1007 1561 1126 1630 oculos.
1167 1563 1232 1639 Qut

98 1645 135 1712 ad
167 1649 326 1736 puberem
359 1655 498 1710 aetatem
528 1645 675 1719 veniens,
714 1644 870 1714 civitatem
901 1647 934 1714 in
965 1650 1123 1716 montibus
1155 1672 1232 1716 con-

97 1731 229 1809 struxit,
252 1752 348 1820 quam
369 1729 545 1796 Praeneste
566 1729 706 1809 vocarit;
733 1730 906 1820 vidensque
923 1731 1004 1800 illam
1029 1734 1233 1822 frequentari,
1307 1792 1311 1820 ,

96 1816 255 1892 exstruxit
285 1815 445 1882 theatrum
479 1815 638 1902 ligneum,
681 1826 718 1882 ut
751 1817 901 1885 finitimae
934 1833 1049 1906 gentes
1085 1819 1128 1886 ad
1161 1844 1231 1888 eam
1240 1846 1275 1896 1⁵

95 1905 216 1969 urbem
242 1912 478 1968 concurrerent.
528 1895 700 1989 Quumque
731 1903 832 1971 nullus
860 1927 933 1970 eum
962 1904 1059 1971 filium
1085 1906 1233 1976 crederet

95 1986 253 2064 Vulcani,
284 1985 372 2052 seces
396 1983 528 2053 tradidit
552 1987 660 2052 amicis
681 1985 764 2067 suis,
792 1999 842 2066 et,
870 1990 964 2076 signo
986 1991 1080 2074 dato,
1108 1985 1234 2078 spacta-

96 2085 182 2150 mres
212 2075 341 2139 llamma
366 2071 594 2157 circumseptos
618 2071 748 2149 invasit3
774 2086 991 2164 rogatusque,
1019 2087 1053 2144 et
1079 2079 1233 2165 probatus

95 2158 176 2226 filius
198 2179 272 2226 esso
292 2154 443 2238 Vulcani,
469 2157 612 2262 llampuas
634 2154 790 2226 exstinxit.

405 2356 474 2434 85.
528 2345 926 2434 TresPro‘etides.
1064 2447 1067 2452 ¹
1170 2350 1176 2361 '
1239 2389 1277 2440 ao

181 2506 354 2576 Proetides
383 2507 512 2587 Proeti,
543 2507 630 2592 regis
654 2506 860 2594 Argivorum,
892 2503 934 2572 de
956 2503 1046 2572 Antia
1072 2503 1138 2569 sive
1160 2505 1234 2572 Sta-

96 2595 243 2676 noboea,
269 2609 371 2660 uxore
393 2595 479 2684 ejus,
508 2591 591 2658 filiae
610 2604 706 2660 name
729 2593 874 2674 luerunt3
904 2613 1038 2682 quarum
1059 2590 1140 2654 haec
1161 2605 1235 2660 sunt

95 2682 244 2766 nomina:
276 2678 472 2768 Chrysippo,
502 2678 644 2757 Plance,
674 2678 881 2765 Ephiaxrassa.
931 2678 1024 2752 Quae
1051 2676 1233 2750 insolentius

122 2767 292 2844 lerientes,
320 2765 437 2831 Junoni
459 2783 550 2828 suam
574 2765 706 2830 formam
728 2767 952 2852 praetulerunt.
995 2761 1072 2827 Hoc
1096 2765 1233 2831 sentiens
1255 2821 1272 2834 ,.
1327 2789 1328 2794 ’

95 2789 203 2937 luno,
230 2852 263 2916 in
280 2850 432 2917 insaniam
450 2847 586 2913 immittit
604 2871 676 2928 eas,
704 2870 767 2936 qna
787 2851 942 2938 putabant
960 2869 996 2914 se
1016 2871 1129 2938 saccas
1152 2850 1290 2928 essens

98 2951 132 3006 et
158 2937 359 3026 quaerebant
385 2937 418 3003 in
449 2931 603 3020 capitibus
633 2954 770 3012 cornua,
801 2945 834 3002 et
862 2957 925 3000 non
953 2934 1169 3022 inveniebant,
1202 2947 1236 3002 et
1335 2939 1339 2953 ¹

97 3022 219 3090 dabant
243 3021 383 3108 mugitus
410 3019 579 3100 conlusos;
609 3017 808 3108 usquedum
833 3018 1015 3110 aquodam
1035 3019 1236 3110 Melampode

97 3121 231 3176 sanatae
256 3117 339 3176 suut.

494 3301 563 3380 86.
616 3307 838 3384 Pieri-des.

186 3451 290 3532 Pieri,
320 3451 407 3540 regis
428 3453 656 3543 Macedoniae,
691 3464 725 3522 et
750 3453 872 3544 Enipeo
898 3475 1011 3521 novo·
1038 3450 1122 3518 liliae
1149 3449 1277 3528 iaso-no

100 3537 214 3606 lentim
245 3539 323 3604 dum
351 3538 545 3624 gloriantur,
581 3540 692 3606 Musas
719 3539 753 3604 in
782 3542 956 3608 certamina
984 3550 1236 3628 provocaverunt
1301 3545 1302 3550 ’

99 3637 224 3692 cautus.
284 3625 427 3698 Quarum
459 3647 521 3690 una
554 3645 685 3692 carmen
715 3643 828 3692 exorsa
858 3637 926 3704 cst,
969 3622 1056 3711 quod
1077 3623 1264 3710 Gigantes·

98 3710 254 3778 adversus
281 3708 361 3788 deos
390 3710 624 3787 contenderint:
656 3731 696 3776 ex
721 3711 834 3799 quibus
857 3711 1034 3801 Typhoeus
1062 3710 1236 3798 terrigena,

98 3795 304 3862 deformitate
324 3795 476 3861 terruisse
498 3795 578 3862 deos
601 3795 781 3882 compulsos
799 3797 830 3863 in
851 3798 1043 3886 Aegyptum.
1087 3794 1140 3874 lbi,
1155 3796 1236 3884 Jup-

118 3882 183 3951 iter
213 3882 257 3946 ob
284 3894 403 3948 metum
428 3879 460 3948 in
490 3882 620 3948 arietem
648 3902 757 3948 versus
787 3892 853 3960 est,
891 3879 1001 3970 Apollo
1031 3881 1064 3945 in
1092 3899 1277 3962 consumas

98 3905 199 4036 liber
228 3966 260 4030 in
288 3987 440 4056 caprum,
467 3960 573 4032 Diana
594 3967 626 4032 in
650 3966 760 4048 selem,
789 3967 874 4032 Juno
897 3966 930 4033 in
950 3987 1098 4048 naccam,
1127 3963 1256 4034 Venus

100 4050 129 4118 in
168 4052 302 4140 piscem.
363 4045 503 4116 Iuvic'em
532 4062 638 4118 autem
671 4051 785 4118 Musae
818 4073 915 4139 quum
948 4051 1077 4119 Cereris
1109 4050 1235 4119 luridam

90 4137 308 4215 cecinissent,
340 4145 374 4203 et
400 4134 533 4224 qualiter
553 4135 730 4225 'l'ypboeus
750 4141 872 4204 Aetnae
899 4137 1015 4206 montis
1044 4136 1131 4205 silice
1158 4140 1233 4205 sub-

95 4222 203 4311 jectus
225 4231 328 4304 esset,
359 4220 507 4288 Pierides
526 4220 627 4291 victae
642 4222 678 4292 in
700 4222 788 4310 picas
810 4233 884 4291 sunt
908 4223 1164 4329 transfiguratas.
