2716 4794
239 273 242 285 .
330 152 855 328 armogastes-eu.
916 247 928 338 .'
1112 227 1161 300 er

68 407 131 496 quod
157 410 345 506 pestilentiae
376 411 459 478 deus
492 410 548 492 sit,
584 407 650 475 sire
679 407 754 496 rpuia
790 407 915 474 fervore
944 431 1003 476 sno
1038 415 1164 480 omnem

68 515 150 560 sucum
167 497 326 564 herbarum
350 496 473 585 perdat.
505 497 604 564 Hunc
625 505 659 562 et
679 493 909 581 auspiciorum,
955 497 1045 564 uibus
1067 501 1163 567 nrbes

63 575 206 665 reguntur,
241 594 274 650 et
307 580 502 650 divinationis
539 581 635 646 deum
666 577 828 659 dixerunt,
866 519 953 669 quod
985 583 1033 650 sol
1060 589 1164 652 omnia

63 667 170 732 obscura
188 669 380 748 manifestat,
407 669 456 736 rel
477 665 565 754 quod
582 667 615 730 iu
638 674 712 731 ortu
732 687 791 732 suo
808 673 846 730 et
867 689 987 734 occasu
1007 670 1162 738 multimo-

63 748 106 814 dos
128 765 271 820 monstrat
294 756 427 821 effectus
459 751 734 840 significationum.
785 749 883 816 'sitan
912 767 1019 822 autem
1048 757 1162 826 dicitur
1188 777 1205 823 5

60 835 160 922 Apollo,
203 841 272 916 nasi
294 863 373 906 uurrs
394 863 432 904 ex
455 838 639 915 Titanibus,
662 837 716 924 qui
738 847 850 901 contra
871 835 949 904 deos
970 863 1059 909 arma
1079 869 1163 912 sum·
1261 879 1269 886 ·

26 985 29 992 ,
62 935 153 990 serunt
223 926 253 990 ui
282 949 376 1014 quum
398 924 479 991 bello
503 936 613 990 contra
635 919 713 988 deos
735 921 954 1004 abstinuisset,
986 949 1045 1028 pro
1068 931 1165 998 bene-

42 1005 116 1071 ficio
141 1009 253 1076 caelum
283 1011 437 1080 meruisse
466 1008 670 1094 confingitur.
721 1007 777 1074 Sol
809 1019 916 1074 autem
938 1008 1054 1080 dicutur
1075 1021 1166 1106 quasi

61 1091 189 1176 eplrelus,
215 1097 279 1162 hoc
310 1108 359 1165 est
386 1095 603 1172 adolesentem
624 1091 718 1159 unde
747 1104 780 1160 et
799 1115 881 1181 puer
900 1093 1059 1184 pingiture
1091 1106 1164 1191 quia

65 1179 170 1320 putidis
195 1205 276 1251 nora
312 1182 391 1248 luce
410 1181 502 1269 quasi
532 1176 641 1268 puerili
674 1176 759 1244 vultu
789 1179 945 1264 nascitur3
979 1185 1114 1280 Pythius
1144 1214 1206 1266 a10

88 1263 193 1347 pliona,
214 1269 387 1346 immensae
407 1267 496 1332 molis
516 1275 681 1352 serpente,
704 1286 799 1352 quern
820 1263 1018 1336 interfecisse
1039 1271 1166 1344 dicitur,
1227 1321 1229 1348 ,

68 1341 136 1412 Unde
154 1365 181 1420 et
205 1353 237 1418 iu
266 1353 336 1444 ejus
365 1353 519 1420 honorem
547 1372 633 1436 agon
659 1349 814 1438 Pythieus
844 1350 1041 1436 celebratur,
1073 1361 1164 1446 eujus
1260 1379 1263 1384 '

70 1429 164 1504 victores
190 1437 280 1506 lauro
312 1450 513 1505 coronantur.
557 1430 676 1502 Πειθώ
698 1444 804 1499 autem
821 1437 952 1502 Graece
971 1443 1163 1512 credulitas
1235 1447 1241 1472 ¹

71 1511 164 1606 dieitur,
188 1526 264 1615 quia
285 1525 366 1594 falsa
388 1523 556 1592 credulitas
579 1523 650 1588 luce
670 1520 893 1590 manifestante
916 1521 1109 1616 deprimitur.

144 1744 204 1821 20,
258 1746 505 1846 Apollinis
534 1747 707 1844 tripos,
749 1769 903 1842 arcus,
941 1749 1043 1826 tela.
1170 1793 1204 1842 1⁶
1253 1733 1260 1792 '⁵

122 1872 240 1960 Apollini
263 1873 423 1963 tripodem
446 1872 618 1952 addicunt,
645 1871 717 1962 «juia
739 1872 912 1961 praeterita
938 1877 1042 1958 norit,
1072 1901 1165 1968 prae·
1283 1901 1285 1908 ’

60 1953 132 2021 sentia
158 1965 276 2042 cernit,
312 1963 419 2028 sutura
454 1962 576 2027 visurus
610 1971 668 2026 est
717 1961 835 2026 Arcum
864 1965 897 2032 et
927 1963 1061 2047 sagittas
1090 1965 1165 2032 huic

58 2035 219 2128 adscribunt,
248 2047 303 2113 rel
327 2045 413 2136 quod
434 2044 476 2111 de
498 2044 615 2112 circulo
637 2046 705 2135 ejus
726 2044 805 2110 radii
828 2045 860 2128 in
881 2046 1011 2112 modum
1030 2051 1164 2150 sagitta·

23 2205 25 2210 ι
56 2140 108 2189 rum
124 2134 276 2212 exsiliant,
308 2134 356 2200 rel
384 2132 471 2220 quod
492 2154 550 2198 sua
572 2131 824 2198 manifestatione
845 2129 1016 2200 dubietatis
1040 2136 1165 2204 scindat

58 2209 196 2297 caliginem.
238 2219 342 2285 Hunc
367 2217 558 2320 quadrijugo
584 2217 630 2282 uti
653 2214 780 2296 dicunt,
814 2213 901 2302 quod
929 2217 1207 2334 quapripartifisffl
1306 2257 1309 2264 .

57 2301 198 2385 temporum
219 2303 426 2375 varietatibus
445 2301 521 2370 anm
543 2299 693 2370 circulum
714 2309 861 2390 peraget.

203 2502 982 2634 21ssQuatuorequidpollinisi'
1067 2507 1110 2512 ..
1192 2612 1195 2622 Υ

113 2654 206 2742 Ipsius
219 2659 311 2748 equis
325 2656 484 2807 condigpa
499 2659 624 2726 uomina
637 2659 853 2748 imposuerunt
867 2656 928 2725 sic:
950 2657 1160 2748 Erythraeus,
1186 2649 1187 2659 ἵ
1220 2679 1221 2682 ’

50 2731 164 2823 Aethon,
195 2747 281 2812 Lam
303 2759 360 2826 us,
400 2743 585 2830 Prlogeus.
642 2745 841 2834 Erythraeus
883 2745 1011 2810 Graece
1046 2745 1161 2814 dicitur

49 2819 166 2907 rubeus,
225 2769 302 2897 nod
323 2854 342 2896 a
368 2828 600 2898 matutino'sol
626 2829 743 2896 lumine
770 2829 966 2897 rubicundus
998 2847 1158 2922 exsurgat.
1167 2855 1202 2904 25

48 2855 356 3004 Aethon-splendeas
372 2913 519 2996 dicitur,
551 2915 638 3003 quod
659 2916 754 2982 tertia
770 2917 853 2986 hora
875 2914 1009 2982 lucidior
1030 2918 1160 3006 fulgeat.

46 2985 162 3082 lampas
178 3025 255 3066 vero
267 3001 411 3084 ardens,
431 2998 508 3066 dum
520 3000 566 3066 ad
584 3023 738 3068 summum
754 3001 816 3067 diei
837 3000 989 3074 circulum
1007 3026 1160 3070 conscen-

47 3070 118 3146 derit,
156 3086 332 3174 Philogeus
363 3087 493 3152 Graece
517 3095 632 3151 terroe
660 3109 784 3153 amans
807 3084 938 3171 dieitur,
968 3090 1055 3177 quod
1077 3113 1162 3156 noua
1210 3171 1213 3179 ,

45 3154 107 3232 hora
124 3181 259 3262 tergens
281 3171 448 3243 occasibus
467 3173 639 3262 incumbat¹
739 3202 743 3207 ·
790 3211 797 3222 ‘

299 3371 367 3459 22.
420 3369 657 3478 Apollinis
694 3397 866 3449 coruus.
1049 3393 1054 3398 “
1100 3438 1103 3445 .
1166 3417 1201 3466 30
1279 3467 1281 3471 f

118 3493 176 3562 Gur
198 3512 307 3568 autem
339 3522 467 3568 corvum
490 3503 639 3592 Apollinis
661 3503 781 3569 tutelae
802 3495 987 3589 subjiciam,
1021 3500 1088 3568 talis
1113 3501 1159 3588 la·
1261 3521 1267 3541 ‘

44 3569 104 3639 bula
127 3579 324 3655 demonstrat.
368 3587 477 3676 Apollo
505 3609 602 3677 quum
626 3588 837 3667 Coronidem,
865 3587 1034 3675 Phlegyae
1054 3587 1159 3684 filiam,

42 3663 184 3740 gravidam
208 3675 352 3756 lecisset,
382 3696 511 3740 corvum
532 3675 560 3739 ei
583 3672 749 3740 custodem
771 3673 936 3762 apposnit,
958 3695 999 3736 ne
1025 3673 1094 3760 quis
1118 3673 1177 3738 ad.

42 3765 98 3813 edm
124 3756 247 3840 occulta
276 3760 454 3826 temeritate
483 3759 663 3826 accederet.
707 3761 790 3825 Cum
821 3761 883 3828 hac
903 3759 1013 3848 Lycus
1034 3759 1159 3826 occulte

42 3831 207 3923 concubuit,
230 3867 323 3933 quern
344 3847 490 3942 Juppiter
509 3846 638 3911 fulmine
659 3844 796 3914 extinxit.
838 3846 943 3930 Ipsam
963 3840 1156 3912 Coronidem
1166 3867 1200 3916 35
1241 3921 1247 3930 ,

40 3915 145 4005 Apollo,
168 3932 332 4018 comperto
353 3933 420 4022 ejus
442 3931 614 4011 adulterio,
635 3933 760 4018 sagittis
777 3931 902 3996 occidit.
936 3929 1000 3994 Oui
1014 3943 1159 3998 mortuae
1179 3957 1190 4002 ·,

39 4021 149 4076 exsecto
172 4027 294 4096 rutero,
336 4017 558 4104 Aesculapium
591 4018 742 4106 produxit
775 4017 806 4079 in
843 4015 956 4080 lucem.
1018 4019 1159 4084 Corvum

35 4100 143 4186 tutem,
184 4102 366 4170 naturaliter
400 4125 576 4192 pennarum
604 4099 753 4168 -candore
781 4101 972 4187 plumatum,
1009 4126 1048 4168 ox
1088 4106 1158 4170 albo

32 4191 145 4260 merum
176 4185 270 4268 lecit,
310 4201 343 4256 et
372 4189 404 4255 iu
432 4211 521 4254 suam
550 4188 679 4256 tutelam
707 4187 835 4274 recepit.
874 4189 1013 4278 Veritas
1053 4205 1157 4261 autem

31 4253 134 4350 habet,
167 4292 294 4352 corvum
314 4273 389 4364 ideo
405 4276 443 4342 ‘iu
465 4275 611 4365 Apollinis
632 4269 732 4345 tutela
754 4295 843 4358 esse,
868 4274 934 4343 slve
961 4275 1199 4365 quod'solusro

650 4446 652 4454 .
705 4389 728 4456 6
