2698 4804
203 159 287 236 aas
491 154 694 265 smynogr.
724 164 796 238 111.
852 161 913 238 n.
969 161 1030 237 aa.
1127 144 1131 149 ’

203 348 311 437 guinis
331 347 521 415 sacrificium
548 348 618 416 fieri
646 350 825 431 consuerit,
881 349 946 416 uod
973 351 1137 418 daemones
1162 345 1239 412 sitire
1263 343 1299 408 le·
1329 375 1330 382 κ

202 445 326 501 rantur.
374 433 524 512 Secunda
547 445 596 500 est
614 436 815 521 geomantia,
850 377 883 502 id
904 447 952 504 est
971 435 1139 501 divinatio
1162 431 1198 494 in
1222 441 1298 493 terro

127 555 131 564 ⁴
204 521 297 601 (nam
341 519 386 606 γῆ
413 529 509 606 terro
546 519 790 608 interpretatur,
827 521 914 586 uude
944 533 977 588 et
1001 517 1181 614 georgicon
1210 513 1240 580 id
1262 523 1298 578 est

203 600 476 672 aberdenenses
495 603 619 671 cultura
638 604 769 686 dicitur;
808 611 907 694 ἔργον
929 607 1011 672 enirn
1032 605 1154 682 Graece
1182 600 1297 663 calcino

179 691 330 761 sdicitur.
394 687 487 755 Iuda.
501 702 534 756 et
561 712 653 758 sacra
681 692 786 760 omnia
815 691 900 780 apud
933 693 1075 757 Graecos
1104 684 1139 771 ὄρ
1161 711 1209 762 ια,
1237 683 1297 748 sicut

203 775 291 864 apud
308 772 444 840 heduos
465 775 676 842 caerimoniae
696 788 807 844 sunta
831 777 962 864 pellata3
996 775 1068 842 licet
1096 711 1228 861 puilicns
1246 780 1297 834 tan·
1329 825 1330 836 ,

203 861 278 928 dem
299 859 471 927 obtinuerit
489 873 644 939 usus,.ut
658 863 790 964 propria
809 802 950 943 ltaechi,
969 861 1050 930 sicut
1067 878 1161 945 supra
1181 853 1298 928 diximus,

203 941 315 1033 orgia,
341 955 469 1012 ceterae
498 947 709 1014 caerimoniae
733 946 942 1033 dicerentur).
1002 945 1111 1013 Tertia
1136 949 1193 1007 est·
1206 937 1299 1029 hydro·
1329 949 1330 1018 ξ

191 1033 338 1111 mantia,
358 1030 392 1096 id
414 1039 463 1098 est
483 1031 659 1098 divinatio
678 1033 715 1096 in
733 1055 847 1135 aqna,-
874 1031 963 1120 ὕδωρ
983 1033 1064 1098 enim
1084 1031 1205 1095 Graece
1229 1043 1300 1108 cqno
1329 1063 1330 1120 q

162 1119 450 1206 reinterpretatur3
481 1115 568 1181 uude
589 1128 623 1184 et
643 1116 853 1206 hydropicus,
873 1119 927 1205 qui
950 1117 1044 1184 nimio
1066 1112 1200 1204 appetitu
1220 1127 1301 1194 aquae
1329 1121 1330 1188 ζ

202 1202 285 1293 perit
292 1227 304 1279 ς
343 1214 376 1268 et
396 1200 561 1292 hydraulia
582 1202 629 1268 vel
650 1201 805 1292 hydraule
839 1205 1006 1290 aquatica
1025 1220 1159 1288 organo
1186 1195 1301 1262 novimus

202 1301 403 1376 nuncupata3
435 1281 534 1389 pailet
555 1309 692 1438 namque
703 1285 857 1372 fistulae
879 1289 1065 1379 organales
1086 1296 1165 1351 sunt.
1204 1281 1302 1355 Quarta
1329 1297 1330 1376 ξ

204 1386 254 1442 est
273 1381 483 1450 cinomanna,
504 1372 537 1439 1d
559 1385 609 1439 est
653 1371 802 1436 tvinotio
822 1372 860 1436 in
881 1374 972 1438 aire.
1016 1371 1132 1447 Quinta
1162 1383 1330 1455 pyroum-l

204 1461 267 1538 tia,
302 1457 337 1523 id
372 1468 422 1524 est
457 1457 632 1524 divinatio
664 1457 702 1520 in
729 1456 744 1519 i
770 1478 831 1546 ne;
870 1458 937 1543 arip
966 1457 1201 1538 enimGraece
1227 1445 1301 1537 ignis
1329 1453 1330 1516 t

162 1545 338 1624 rsdicltcr3
375 1540 461 1608 dude
497 1563 626 1629 pyram
662 1551 695 1607 et
786 1540 1094 1630 niphlegethonta,
1120 1537 1154 1605 id
1191 1547 1232 1603 est
1259 1532 1301 1618 ig·
1329 1527 1330 1618 l

202 1653 307 1696 naum
322 1626 483 1694 dixerunt.
536 1627 612 1692 Hos
641 1624 799 1692 divinandi
820 1647 943 1712 genere
970 1627 1091 1698 Statius
1125 1623 1262 1692 'l'iresiam
1277 1615 1330 1710 ill-l

202 1715 234 1781 X
254 1712 440 1780 Thebaidos
461 1721 604 1779 utentem
624 1710 777 1778 inducere
800 1710 932 1778 videtur.
1329 1739 1330 1804 q

288 1798 338 1864 13.
387 1797 498 1863 Prima
517 1797 617 1883 igitur
638 1797 851 1864 necromantia
878 1795 921 1864 ad
953 1797 1074 1864 inferos
1097 1793 1213 1862 ridetur
1230 1785 1301 1877 perti·
1329 1807 1330 1876 q

85 1935 88 1942 .
202 1905 299 1962 nere,
321 1879 463 1950 secunda
484 1880 527 1947 ad
548 1895 676 1961 terram,
698 1883 792 1950 tertia
814 1881 855 1948 ad
877 1903 1004 1969 aquam,
1024 1891 1139 1970 ‘squarta
1158 1878 1197 1946 ad
1212 1881 1301 1944 aerem
1329 1927 1330 1950 ,

160 1969 311 2058 asquinta
340 1968 382 2036 ad
417 1965 535 2054 ignerh.
585 1967 827 2046 Mathematica,
862 1967 1005 2033 secunda
1039 1967 1157 2058 syllaba
1184 1957 1256 2029 brevi
1280 1965 1301 2017 et

203 2055 360 2143 aspirata,
399 2049 581 2119 doctrinalis
615 2055 850 2140 interpretatur.
905 2052 965 2119 Est
1003 2067 1112 2121 autem
1144 2049 1236 2140 prima
1263 2043 1301 2128 (111
1329 2079 1330 2114 1

203 2138 332 2206 tandem
368 2137 600 2229 deprehensum
638 2138 797 2222 creditur)
832 2133 1057 2225 speculationis
1088 2160 1178 2227 pars,
1207 2131 1256 2200 suh
1278 2145 1301 2188 ⁵0
1329 2179 1330 2208 1

203 2217 417 2314 quadrivium,
448 2223 482 2291 id
510 2236 559 2291 est
590 2223 836 2303 arithmeticam,
871 2223 1041 2305 musicam,
1058 2223 1059 2226 ’
1074 2217 1300 2312 geometriane
1329 2235 1330 2310 q

203 2312 427 2402 astronomiam
457 2310 629 2378 continens.
661 2307 836 2393 ¹Secunda
863 2331 938 2375 vero
954 2309 1091 2397 syllaba
1117 2306 1260 2398 producta
1280 2301 1302 2358 el
1329 2333 1330 2382 q

161 2398 273 2466 ussine
301 2397 341 2478 h,
379 2396 598 2473 matematica,
623 2394 770 2466 nonnas
799 2393 1039 2482 interpretatur,
1070 2395 1180 2462 .Huic
1209 2382 1300 2477 species
1329 2391 1330 2480 l

204 2484 409 2569 assignantur
448 2473 645 2570 arus‘picina,
685 2478 895 2566 horoscopica
934 2490 967 2546 et
1001 2481 1135 2549 scientia
1163 2481 1223 2566 ¹per
1251 2487 1303 2536 aves
1329 2485 1330 2536 t

203 2569 380 2650 divinandi,
397 2565 441 2632 “id
472 2577 522 2632 est
537 2562 741 2652 augurium.
804 2565 901 2632 Dicta
940 2575 989 2632 est
1017 2578 1127 2634 autem
1159 2556 1302 2646 aruspicina
1329 2543 1330 2600 l

116 2667 119 2679 '
204 2655 295 2740 quasi
324 2675 470 2733 orarum
497 2649 682 2737 inspectio,
717 2649 791 2738 quia
824 2650 984 2738 aruspices
1020 2675 1094 2718 aras
1122 2647 1303 2738 inspicientes

89 2749 91 2754 '
203 2739 337 2810 inertis
359 2751 391 2805 et
412 2735 499 2808 libris
521 2733 750 2802 sacrificiorum
772 2735 878 2803 futura
899 2736 1120 2820 considerent3
1150 2737 1202 2825 qui
1221 2742 1248 2796 et
1263 2721 1304 2821 ipsi
1329 2733 1330 2820 l

116 2820 441 2912 *ztcnonnumquam
473 2817 561 2887 arioli
568 2867 579 2897 ,
610 2819 643 2886 id
670 2833 720 2888 est
752 2821 848 2886 circa
875 2843 959 2886 oros
986 2834 1186 2908 precantes,
1207 2813 1256 2882 'rel
1280 2827 1330 2890 tt}

194 2909 278 2986 ¹oria
298 2909 514 2988 divinantes,
542 2905 607 2974 sive
626 2906 825 2986 salisatores,
858 2905 1006 2995 quodex
1027 2907 1177 2974 membris
1204 2899 1304 2968 satioe-
1329 2893 1330 2938 l

143 3011 158 3066 ·‚
203 2991 297 3058 tibus
320 3005 353 3061 et
373 3015 412 3060 ex
435 2993 528 3080 pulsu
560 2991 783 3070 divinaverint,
805 2991 874 3062 dici
903 2978 1098 3062 mcruertint.
1141 2987 1238 3074 ,Unde
1261 2987 1304 3074 esi:

226 3093 229 3100 ‘
418 3147 424 3160 ,
589 3089 654 3166 ent
676 3078 786 3142 caesis
801 3077 911 3142 'saliat
930 3079 1020 3163 qnod
1034 3099 1163 3142 numen
1177 3077 1212 3140 in
1232 3077 1306 3135 exiti·

120 3225 125 3240 ,
202 3161 444 3248 Horosoopioa,
472 3185 567 3249 quam
585 3173 619 3230 et
641 3161 907 3229 constellationem
932 3163 994 3230 dici
1016 3163 1170 3248 legimus,
1183 3177 1189 3196 ⁸
1204 3168 1247 3224 est
1264 3167 1306 3234 (11Ιῖι

45 3283 50 3286 -
161 3249 236 3312 eain
257 3247 352 3313 stellis
374 3246 440 3314 lata
461 3247 622 3314 hominum
642 3247 756 3335 inquiri
789 3245 955 3314 docentur.
1009 3248 1085 3314 lldc
1122 3258 1247 3315 utuntur
1268 3239 1330 3322 ghi

205 3331 361 3408 nethliaci,
382 3332 435 3420 qui
451 3333 629 3400 nativitates
645 3333 806 3400 hominum
826 3331 1002 3410 attendunt,
1023 3334 1078 3420 qui
1098 3334 1195 3422 vulgo
1217 3323 1306 3394 matht·

205 3416 311 3485 malici
341 3418 507 3502 dicuntur,
541 3431 731 3506 quamquam
763 3417 836 3484 olim
863 3415 1040 3506 specialiter
1068 3421 1158 3506 magi
1188 3415 1330 3502 leguntii}

185 3502 362 3591 appellati.
404 3503 588 3594 Horosoopi
609 3505 704 3571 etiam
725 3505 766 3570 ab
787 3503 1014 3592 horoscopica,
1043 3503 1077 3570 id
1100 3519 1152 3572 est
1173 3503 1308 3589 horarum
1329 3529 1330 3578 g

205 3589 272 3656 tata
292 3588 534 3676 inspicientes,
560 3589 732 3677 nuncupati
754 3599 836 3656 sunt.
888 3585 940 3654 De
961 3588 1143 3676 hujusmodi
1163 3575 1308 3664 luvenalis:
1329 3585 1330 3592 ¹

164 3689 199 3738 4ο
291 3673 404 3740 Nemo
425 3674 691 3740 mathematicus
707 3674 852 3762 genium
875 3674 1097 3743 indamnatus
1127 3668 1267 3740 natabit.
1329 3709 1330 3746 ,

19 3817 25 3830 .
134 3765 157 3821 Υ
205 3761 288 3828 Ares
302 3758 394 3848 juxta
416 3757 491 3824 artis
512 3759 706 3848 disciplinam
730 3770 786 3839 aut
817 3760 940 3827 oscines
971 3769 1061 3839 suut,
1096 3761 1223 3834 idest,
1250 3761 1330 3835 tuti*

207 3847 315 3919 roura
336 3865 393 3910 ore
414 3855 563 3924 canunt,
596 3858 652 3914 aut
673 3858 859 3934 praepetes,
894 3867 976 3934 quae
1009 3843 1129 3912 colatis
1151 3835 1313 3931 significant

206 3930 304 3998 Unde
322 3947 382 4017 per
414 3949 488 3994 aves
518 3929 678 4000 divinandi.
702 3931 833 4000 scientia
856 3927 1029 4019 aliquando
1045 3931 1139 3998 oculo
1162 3927 1330 4002 exarcatus}

207 4030 240 4082 et
259 4014 390 4103 proprie
410 4014 584 4102 auspicium
606 4014 698 4104 quasi
717 4017 926 4104 avispicium
946 4015 1078 4096 dicitur,
1107 4017 1184 4106 quia
1203 4009 1330 4098 solatus*

165 4100 502 4200 suariumuetmotum
525 4104 744 4192 speculantum
783 4099 950 4192 aliquando
972 4101 1119 4181 auribus,
1160 4112 1193 4168 et
1214 4101 1330 4190 propte,

177 4199 183 4208 “
209 4205 397 4272 augurium,
428 4185 518 4272 quasi
536 4189 700 4278 garritus
721 4186 840 4258 avium
861 4197 1072 4278 nuncupetur.
1114 4187 1204 4256 Usus
1234 4187 1330 4250 taust*

19 4319 571 4432 »ιν

257 4390 419 4450 ἐ,
764 4387 1330 4440 ι’»
