2786 4800
95 160 102 194 ³
142 177 200 256 sc
245 165 291 219 ³
431 159 615 304 asyma.
642 179 690 292 ι,
731 173 990 262 raa-rar.

142 361 305 442 Minerva,
348 361 441 450 quasi
469 383 597 430 manua
627 359 763 428 artium
793 359 926 428 verice.
982 357 1063 430 Ideo
1095 356 1203 432 autem
1236 355 1281 432 rie

143 449 249 536 capite
276 445 364 514 Jovis
393 446 510 514 dicitur
541 469 614 514 esse
645 457 737 524 nata,
774 445 849 534 quia
877 466 991 535 sensus
1019 471 1055 514 sa
1078 447 1188 531 lentis,
1225 450 1281 537 qui

142 533 261 601 invenit
280 531 403 613 emnia,
432 531 591 619 incapite
612 543 671 598 ast.
713 531 809 600 Haec
829 544 862 597 et
880 531 1027 600 Tritonia
1048 469 1179 615 (icitur,
1194 536 1281 628 'quia

145 620 231 686 circa
252 618 432 686 Tritonium
455 616 560 684 lacum
586 616 702 682 dicitur
727 639 768 705 ap
792 615 913 684 aruisse
938 618 969 683 in
998 617 1044 684 vir
1069 617 1141 684 ‘nali
1163 631 1279 687 aetate

120 703 376 773 bl’allasautem
398 701 512 770 eadem
533 714 584 768 est
603 701 706 780 dicta,
736 726 753 767 r
806 704 848 768 ab
869 703 970 770 insula
991 703 1138 780 palene,
1161 704 1194 770 in
1215 728 1281 792 qua

144 790 260 858 nutrita
283 801 351 872 est;
381 788 430 856 vel
455 781 605 858 ἀπὸτοῦ
630 779 791 866 πάλλειν,
817 786 851 855 id
877 798 925 855 est
948 789 989 854 ab
1011 791 1142 854 bastae
1157 789 1280 857 incur-

142 874 261 961 sione3,
284 874 332 945 rel
352 871 440 966 quud
460 871 638 943 Pallantem
658 871 834 960 (ligantem
857 871 987 944 oceidit·

369 1054 464 1132 125.
517 1054 721 1133 Miner-rs
754 1068 799 1134 et
828 1013 1050 1160 Marsyas.

88 1221 93 1230 —
229 1181 373 1252 Minerva
406 1184 521 1254 eadem
542 1173 597 1254 'ex
627 1208 701 1254 osse
733 1183 826 1252 tibias
858 1184 984 1254 invenit.
1047 1185 1132 1278 Qum
1165 1186 1281 1276 quibus

104 1281 243 1356 loquum
283 1269 315 1335 in
359 1272 501 1340 convivio
541 1271 675 1339 deorum
714 1270 900 1350 cecinisset,
949 1272 1082 1362 ejusque
1101 1283 1281 1342 tumentes

145 1355 265 1422 buccas
289 1353 342 1451 dii.
355 1378 465 1426 omnes
486 1355 674 1438 irrisissent‚
704 1355 756 1422 illa
776 1354 819 1424 ad
839 1355 1018 1426 'l'ritnuiam
1039 1357 1186 1447 paludem
1207 1381 1282 1448 per-

144 1457 244 1528 gens,
279 1439 312 1506 in
340 1456 425 1532 aqua
455 1443 568 1512 faciem
596 1465 686 1510 suam
714 1441 879 1533 speculata
906 1455 975 1526 est;
1010 1454 1044 1513 et
1069 1443 1147 1511 dum
1176 1446 1282 1534 turpia

144 1522 358 1615 adjudicasset
387 1532 561 1597 buccarum
587 1527 768 1609 inflamina,
798 1529 892 1595 tibias
914 1527 1003 1618 jecit.
1046 1529 1171 1606 Quibus
1191 1529 1280 1597 Mar·
1382 1591 1383 1594 ,

146 1635 220 1701 syas
248 1613 402 1700 repertis,
442 1614 570 1682 tlocticr
601 1616 725 1694 lactus,
760 1613 937 1700 Apollinem
967 1627 1208 1684 concertaturus
1237 1615 1280 1682 de

92 1715 138 1778 ,15
147 1697 291 1764 cantibus
324 1701 524 1786 provocavit;
563 1711 597 1766 et
628 1701 722 1766 ambo
754 1700 813 1766 sibi
844 1697 964 1766 Midam
996 1723 1109 1788 regem
1136 1701 1280 1791 judicem

146 1782 299 1870 deligunt.
351 1786 453 1876 Cujus
474 1785 596 1876 judicic
624 1786 772 1875 Marsyas
801 1785 902 1852 vietus
931 1808 1051 1876 peenas
1081 1786 1209 1938 pendit,
1240 1812 1280 1860 ac

65 1933 68 1940 .
146 1891 319 1956 suspensus
346 1883 381 1936 et
407 1873 584 1950 caudatus,
617 1881 719 1958 usque
747 1869 788 1938 ad
818 1891 940 1946 necem,
957 1873 1081 1938 verberi
1105 1894 1142 1938 us
1171 1875 1212 1938 ab
1238 1897 1280 1939 ec

146 1968 196 2022 est
218 1977 348 2038 caesus;
379 1969 412 2026 et
434 1968 555 2024 tantum
577 1956 741 2043 sanguinis
767 1956 816 2024 sui
838 1956 942 2024 lusum
964 1970 1028 2040 est,
1056 1957 1183 2026 uticus
1205 1959 1281 2026 inde

145 2053 345 2119 nasceretur,
380 2042 469 2134 cujus
496 2043 655 2109 luvenalis
678 2043 834 2123 meminit,
862 2041 990 2112 dicens:
1032 2042 1100 2114 cen
1131 2043 1281 2132 Marsya

103 2127 285 2192 revictum
321 2125 379 2194 alit
406 2128 554 2208 tradunt,
586 2125 674 2218 quod
702 2127 871 2217 Nymphae
899 2129 1004 2220 Satyri
1029 2151 1085 2208 ue,
1117 2129 1280 2218 ceterique

143 2211 227 2278 ruris
257 2212 381 2280 incolae
412 2214 443 2297 in
476 2225 599 2283 tantum
632 2213 791 2306 Marsyam
824 2215 975 2302 Satyrum
1007 2153 1088 2280 lletu
1119 2217 1281 2316 prosecuti

145 2308 236 2377 sunt,
269 2298 356 2387 qnod
379 2300 451 2389 ejus
468 2313 563 2368 cantu
584 2299 712 2366 carituri
734 2311 857 2380 essent,
888 2309 924 2366 ut
946 2323 986 2368 ex
1010 2297 1146 2366 lacrimis
1169 2321 1281 2369 eorum

145 2385 264 2466 flumen
298 2387 453 2465 creverit,
493 2384 581 2474 quod
614 2385 759 2473 Marsyas
798 2382 922 2450 dieitur.
987 2384 1126 2459 Quidem
1160 2383 1280 2467 dicunt,

145 2466 264 2533 Midam
286 2491 397 2558 regem
419 2493 483 2538 non
504 2482 593 2538 recte
614 2469 789 2556 judicasse,
812 2479 845 2536 et
863 2470 906 2535 ob
925 2467 960 2536 id
977 2492 1071 2538 aures
1093 2471 1123 2537 ei
1143 2471 1279 2540 asininas

103 2553 189 2624 “ab
210 2554 351 2642 Apolline
374 2554 554 2647 deputatas.
597 2554 665 2622 Sed
688 2555 752 2622 hoe
772 2553 859 2624 alnas
1177 2557 1179 2561 ’

148 2831 151 2837 ¹
291 2734 385 2812 126.
439 2739 635 2842 Priapus
666 2753 722 2829 et,
742 2739 884 2817 Lelos
908 2737 1131 2843 Nympha.

230 2861 332 2931 Lotus
364 2863 515 2956 Nympha
553 2867 712 2962 quaedam
751 2869 843 2940 fuit·
866 2867 971 2948 Quam
1007 2891 1106 2956 quum
1141 2881 1280 2941 amatam

146 2945 282 3035 Priapus
314 2951 553 3040 insequeretur,
593 2957 644 3022 illa
672 2955 808 3024 deorum
840 2957 1042 3024 miseratione
1069 2955 1102 3040 in
1131 2959 1281 3026 arborem
1311 3023 1318 3032 x

147 3055 238 3102 versa
271 3046 338 3116 est,
381 3059 464 3125 quae
498 3041 547 3110 vul
574 3064 594 3106 ο
622 3039 712 3130 faba
744 3041 893 3130 Syriaca
924 3040 1048 3106 dieitur.
1112 3040 1179 3107 Sed
1211 3043 1281 3131 ipse

104 3119 283 3209 ttoPriapus
299 3121 406 3209 pulsus
425 3138 475 3194 est
490 3126 533 3195 de
547 3063 729 3215 Mampsacn
748 3127 874 3194 civitate
891 3138 1021 3214 propter
1038 3123 1129 3192 virilis
1146 3130 1281 3196 membri
1384 3129 1385 3184 ἓ

145 3208 407 3293 magnitudinem.
424 3211 585 3282 Postenin
595 3223 759 3284 nnmerum
769 3212 1071 3298 denrurnre‘eeptus,
1081 3233 1195 3280 numen
1206 3216 1280 3282 lrnr-

10 3347 11 3350 ,
146 3303 251 3362 tarum
266 3318 338 3362 esse
355 3297 476 3365 meruit
520 3298 573 3365 De
589 3300 652 3366 lroe
668 3299 839 3366 Horatius:
869 3295 982 3362 Fures
998 3295 1126 3362 dextra
1149 3302 1282 3368 coercet

39 3401 43 3410 ’
314 3379 531 3474 Obscenoque
552 3382 654 3449 ruber
668 3387 846 3472 projeetus
873 3379 916 3445 ab
942 3382 1091 3467 inguine
1112 3385 1229 3470 pales.
1384 3389 1385 3394 ’

313 3463 384 3531 Ast
413 3467 633 3557 importunas
656 3468 812 3536 volucres
837 3467 876 3554 in
904 3467 1033 3534 vertice
1059 3468 1197 3533 arundo

104 3553 141 3604 ³⁶
321 3547 443 3618 Terret
460 3551 556 3640 fixa.
1052 3599 1082 3632 ,κ
1163 3625 1165 3630 ,

145 3627 271 3699 Dicitur
298 3647 403 3704 autern
433 3660 585 3726 praeesse
611 3636 713 3706 bortis
741 3637 880 3726 propter'
902 3657 1015 3702 eorum
1042 3635 1282 3710 fecunditatem.

144 3713 229 3782 Nam
257 3742 355 3808 quum
386 3723 445 3790 alia
473 3735 559 3794 terra
588 3723 771 3792 seminalem
802 3721 864 3790 rim
894 3727 1041 3812 enbrcet,
1076 3723 1162 3794 horti
1189 3747 1282 3794 num-

146 3823 241 3889 quam
262 3807 330 3874 sine
351 3806 506 3878 fructibus
528 3822 631 3882 sunt,

299 3943 305 3954 -
437 3973 682 4051 lauras
714 3975 989 4077 figurative.
1074 3966 1076 3972 ¹

103 4123 139 4176 sn
222 4105 300 4174 'Pan
322 4105 471 4173 deusest
486 4102 640 4181 rusticas,
664 4103 696 4170 in
714 4116 850 4174 naturae
867 4104 1021 4172 formatus
1042 4099 1286 4173 similitudinem.

147 4189 243 4260 Unde
261 4205 295 4260 et
318 4193 403 4260 Pan
426 4188 529 4256 uerus
552 4201 615 4270 est,
638 4189 738 4258 idest
758 4213 865 4256 senne.
907 4191 1021 4258 Habet
1044 4189 1129 4291 enim
1151 4210 1312 4268 cernua„
