2716 4794
297 222 303 229 .
436 157 801 262 nummum.
995 261 997 268 Ι
1139 113 1323 256 ΜΔ

80 347 145 430 tuui;
179 367 241 438 per
270 345 548 428 contrarietatem,
579 355 615 414 ot
643 367 760 436 poree,
793 367 881 436 quae
912 349 1009 420 obort
1036 353 1193 442 frugibus,

79 430 190 518 Cereri3
214 455 321 525 caper,
345 432 399 522 qui
419 433 513 500 obest
535 431 659 506 ritibus,
680 433 809 514 Liberp.
851 433 933 502 Item
955 461 1052 528 capra
1073 446 1194 510 Aescu,
1280 511 1285 520 .

23 559 25 566 ,
75 519 157 608 lapio,
215 521 246 586 ui
267 517 347 586 deus
375 530 424 585 est
444 517 571 599 salutis,
612 541 709 606 quum
740 541 909 607 numquam
937 522 978 591 sit
1007 548 1103 612 oapra
1125 530 1192 596 sine

75 605 158 672 febre.
191 543 335 671 (liustioi-
353 616 459 670 eutem
483 626 580 691 quum
602 605 774 671 exhibitum
797 607 838 674 ab
868 605 963 674 Itaro
996 611 1100 682 vinum
1123 614 1190 703 plus

73 693 152 756 uimio
184 698 363 780 potantes,
382 688 596 768 ebriarentur,
627 713 780 759 venenum
811 713 848 757 se
877 693 917 758 ab
946 695 996 760 illo
1029 703 1235 789 accepisse-'¹

91 787 229 857 utentes,
259 799 331 841 eum
352 773 385 840 in
406 775 626 844 Marathoniae
654 777 795 864 regionis
824 790 931 844 monte
955 781 1192 856 interfecerunt.

70 801 165 950 ilujus
188 861 292 943 oanis,
316 861 366 927 oui
388 882 503 926 nomen
528 861 586 928 luit
607 860 737 944 Maera,
770 874 818 928 est
845 884 990 932 reversus
1011 868 1051 934 ad
1073 871 1192 962 Erigoss

14 939 21 960 ‘
72 969 131 1014 nem
151 947 260 1014 filiam.
303 947 396 1022 Quae
418 968 515 1034 quum
539 946 617 1048 ejus,
643 947 680 1013 *se
701 960 789 1015 resto
810 949 1020 1031 extrahentis,
1043 961 1192 1027 comitata

50 1034 215 1120 uestigia,
246 1031 289 1098 ad
310 1033 407 1123 petris
430 1044 625 1121 pervenisset
654 1033 808 1112 cadaver,
831 1032 945 1123 laqueo
968 1039 1060 1105 vitam
1084 1046 1190 1116 linivit.

71 1121 122 1197 (lui
139 1129 291 1186 mortuae
313 1118 399 1184 oanis
420 1128 526 1184 morte
542 1119 696 1185 sua'satis
719 1120 803 1188 feeit
847 1121 915 1188 Sed
935 1123 1090 1211 Erigone,
1114 1131 1233 1197 deo-¹⁰

72 1220 129 1276 rum
148 1205 314 1286 voluntate
345 1226 418 1270 oum
446 1225 527 1269 eane
557 1204 589 1269 in
613 1204 735 1270 eaelum
755 1206 931 1296 ,translutm
962 1210 1031 1300 ipsa
1065 1211 1192 1302 Virgo,

78 1293 146 1358 oanis
175 1290 295 1370 Sirius
325 1288 510 1378 appellatur.
554 1290 728 1377 Receptus
757 1291 897 1359 similiter
916 1294 948 1360 in
975 1297 1095 1371 caelum
1120 1325 1193 1369 eum

80 1377 201 1464 plaustro
222 1377 351 1456 Icarus}
380 1374 551 1462 plaustrum
573 1376 762 1461 septentrio
782 1376 830 1443 rel
851 1388 995 1464 arctos,
1015 1385 1090 1472 ipse¹
1103 1383 1192 1451 Boo-

81 1462 179 1530 lervel
201 1459 446 1548 Arctoplrylaot
468 1470 519 1528 est
538 1470 677 1527 vocatus.
703 1495 704 1498 ¹
1164 1486 1166 1490 ’

142 1589 215 1659 Sed
237 1600 309 1678 post
331 1588 522 1678 aliquantum
546 1600 672 1680 tempus
706 1591 947 1662 Atheniensibus
969 1600 1232 1674 morbustalie15
1280 1585 1282 1596 Ι

79 1687 114 1744 est
129 1676 307 1754 immissus,
330 1687 497 1743 uteorum
519 1677 657 1762 virgines
679 1678 788 1744 surore
809 1680 948 1766 quodam
978 1683 1018 1748 ad
1043 1685 1191 1776 laqueum

78 1762 334 1853 compellerentur.
377 1761 472 1828 Unde
495 1761 672 1830 consultum
694 1765 857 1836 oraculum
878 1768 1057 1856 respondit,
1076 1775 1193 1848 secturi

72 1869 155 1932 poree
176 1847 279 1912 illum
295 1843 555 1934 pestilentiam,
590 1849 622 1912 ui
647 1849 819 1936 Erigones
844 1863 882 1916 et
902 1853 1000 1918 quri
1020 1855 1193 1934 cadevera

75 1934 333 2020 requirerentur.
376 1933 468 2007 Quae
483 1955 580 2021 quum
601 1931 655 2000 diu
678 1937 994 2026 quaesitanusquam
1015 1942 1193 2016 invenirem,

73 2027 131 2097 tur,
152 2017 194 2086 ad
217 2015 555 2101 ostendendamfsuom
577 2017 776 2089 devotionem
800 2022 1014 2104 Athenienses,
1038 2041 1079 2100 ut,
1095 2031 1232 2102 etiamen
1292 2082 1296 2088 .

74 2100 217 2168 inalieno
239 2125 278 2166 ea
297 2124 452 2190 quaerere
473 2104 655 2172 riderentur
683 2107 856 2186 elemento,
890 2110 1123 2200 suspenderunt
1149 2116 1190 2186 de

76 2189 229 2254 arboribus
249 2187 376 2270 sunem;
398 2189 439 2256 ad
461 2211 555 2278 quem
571 2205 655 2257 'sese
677 2203 819 2260 tenentes
841 2193 983 2262 homines
1013 2196 1075 2266 huo
1105 2199 1190 2266 illoe-

76 2296 129 2360 que
147 2275 366 2377 agitabantur,
388 2286 424 2342 ut
445 2276 535 2363 quasi
557 2298 616 2365 per
637 2281 744 2344 aerem
766 2278 887 2346 illorum
912 2280 1190 2373 cadaveraquae-

63 2361 136 2425 'rere
156 2361 346 2428 riderentur.
389 2357 456 2427 Sed
476 2383 573 2450 quum
595 2361 737 2451 plerique
759 2363 929 2447 caderent,
951 2367 1107 2436 inventurn
1130 2384 1189 2452 est,

72 2458 103 2511 ut
121 2446 237 2512 formas
259 2443 302 2510 ad
325 2442 387 2510 oris
410 2447 459 2514 sui
479 2447 709 2520 similitudinem
741 2449 903 2532 seoerent,
932 2464 965 2519 et
982 2473 1044 2522 ‘eas
1073 2481 1131 2547 pro
1153 2483 1231 2537 ree-25

14 2537 15 2542 ’
69 2553 232 2618 suspensas
267 2545 437 2600 moverent
479 2533 575 2620 Unde
594 2533 717 2601 oscilla
739 2535 824 2602 diota
854 2539 995 2604 suntab
1025 2563 1064 2608 eo
1101 2539 1188 2631 quod

67 2617 96 2682 in
117 2617 164 2683 his
183 2638 244 2682 ora
263 2615 483 2700 cillererrtur,
504 2615 537 2684 id
559 2631 608 2689 est
628 2631 856 2690 moverentur.
896 2613 979 2696 Nam
1001 2629 1119 2692 cillere
1141 2643 1191 2698 est

65 2723 201 2853 rqplverte.
246 2699 340 2768 Unde
361 2713 395 2769 et
409 2699 582 2790 furcillae
612 2703 717 2778 diotae
741 2719 834 2790 suut,
866 2709 981 2798 quibus
1000 2711 1196 2798 frumento

61 2809 90 2851 cr
125 2811 161 2852 eu
180 2809 232 2853 ur.
324 2843 327 2850 ,

465 2935 904 3050 osterna*

147 3071 203 3146 hlii
220 3071 348 3158 diouqt,
371 3068 480 3152 osoilla
502 3094 573 3138 esse
595 3069 737 3138 membra
763 3073 859 3140 virilia
881 3072 922 3152 de
940 3059 1072 3143 floribus
1093 3075 1231 3154 sactum
1285 3107 1286 3114 ¹
1334 3088 1335 3094 ’

68 3175 148 3241 quae
162 3158 436 3248 suspendebantur
452 3158 552 3241 (iuter
565 3157 739 3244 columnia)
755 3159 836 3226 inter
850 3159 929 3230 duos
946 3162 1125 3242 oolumnas;
1144 3163 1189 3228 ita
1232 3163 1236 3172 '

68 3239 151 3306 utin
172 3267 209 3310 ea
233 3245 376 3310 homiues
406 3245 547 3332 acceptis
579 3242 692 3312 clausis
721 3245 863 3333 personis
894 3247 1124 3338 impingerent,
1155 3258 1192 3328 et,

72 3345 112 3388 ea
129 3337 178 3395 ore¹
192 3317 342 3407 cillerent,
362 3327 395 3393 id
416 3341 465 3395 est
484 3322 649 3398 moverent
668 3329 710 3398 ad
728 3331 834 3398 risum.
862 3333 907 3399 Et
927 3334 990 3402 boc
1011 3336 1042 3397 in
1055 3331 1193 3420 Orpheo.
1246 3333 1247 3336 ’
1342 3385 1343 3398 r

73 3405 175 3481 leolum
197 3430 255 3484 est.
298 3413 562 3482 Prudentioribus
592 3411 698 3484 tamen
720 3416 804 3484 aliud
833 3417 954 3506 plaeet,
987 3419 1041 3507 qui
1068 3418 1194 3500 dieunt„

72 3514 157 3565 saera
173 3501 283 3570 Liberi
304 3499 402 3589 patria
421 3499 462 3566 ad
485 3502 707 3589 purgationem
732 3505 857 3591 auimee
876 3506 1041 3592 pertinere.
1073 3505 1229 3570 Omnises

70 3580 146 3650 enim
164 3589 314 3675 purgatio
338 3599 393 3654 eut
413 3609 471 3673 per
494 3610 612 3672 uquam
639 3590 694 3672 lit,
724 3604 780 3658 aut
807 3612 867 3679 per
895 3591 1023 3676 ignem,
1055 3602 1195 3688 autpelss¹

67 3670 174 3762 obrem.
215 3676 273 3745 Siu
293 3671 440 3760 Virgilius
460 3673 494 3738 in
515 3672 578 3742 Vt:
906 3757 908 3764 Α

144 3818 363 3836 ----·-·-
413 3783 522 3852 Atiae
552 3783 763 3872 panduntur
789 3783 912 3848 inanes

145 3897 339 3986 Suspeuoae
359 3895 408 3960 uel
426 3905 564 3972 ventum·
584 3893 670 3958 aliie
690 3891 752 3959 rub
772 3894 923 3982 gurgite
942 3907 1041 3961 resto
1342 3969 1343 3980 ,

136 4009 315 4099 'queetum
345 4007 479 4072 eluitur
510 4005 621 4070 scelus
646 4016 712 4070 aut
739 4005 906 4070 exuritur
931 4009 1032 4097 igni-3
1099 4093 1102 4100 Ι
1138 4085 1142 4096 ,
1190 3999 1231 4096 '4⁰
1342 4051 1343 4104 q

64 4123 99 4180 nt
122 4141 203 4188 uuno
228 4145 286 4213 per
307 4119 413 4192 ossilla
434 4140 538 4206 genus
560 4120 757 4206 purgationis
778 4119 948 4187 maximum
969 4119 1188 4224 intelligamus·

63 4196 143 4270 Nam
158 4209 297 4296 primunr
316 4219 365 4276 est
385 4227 506 4296 aquae,
535 4206 713 4299 termidum
735 4207 844 4295 iguis,
867 4208 994 4278 tertium
1016 4215 1108 4276 airu.
1191 4251 1199 4270 r
