2786 4800
134 159 188 236 aa
311 87 332 109 ”
451 111 960 262 upnpssnea-ar.
1059 251 1063 260 .
1155 87 1158 102 ⁴

14 341 38 417 κ’
124 341 222 442 'rege
238 341 351 410 murus
370 293 434 444 ¹eat¹
448 341 608 412 Hercules
636 342 669 410 in
689 341 877 422 'l'hraoiamt
912 353 948 410 ut
973 337 1140 410 Diomedis
1171 363 1274 430 aspum

137 428 332 507 adduceret,
368 450 423 516 qm
453 428 597 496 humanis
619 430 767 496 carnibus
790 427 1016 507 uescebantur,
1040 449 1114 494 eum
1135 428 1275 518 hospitio

137 514 269 604 recepit.
312 511 394 595 tatii,
421 515 475 602 qui
494 513 630 598 dicunt,
658 514 746 603 quod
768 513 926 581 Hercules
949 535 1022 580 eum
1047 512 1180 603 occidit,
1201 535 1274 581 sus·
1386 563 1387 568 η

140 614 251 689 ceptus
271 599 313 667 ab
336 613 375 664 eo
397 598 549 690 hospitio,
578 615 694 668 errant.
738 598 807 668 Sed
835 599 940 668 verius
958 601 1060 687 Asper
1081 613 1114 668 et
1133 600 1274 685 Longus

115 686 276 754 errrorem
308 682 439 752 tradunt
464 684 617 754 adversus
647 687 828 754 Centauros
857 686 898 752 ab
918 683 1061 752 Hercule
1087 681 1275 766 adductum,
1386 713 1387 760 ;

139 795 238 859 quum
268 769 440 838 Herculem
464 758 534 839 'hos
556 771 613 840 itio
626 813 628 822 ,
641 773 824 861 recepisset.
879 774 981 860 Asper
1014 770 1108 838 etiam
1135 771 1276 838 Pholum

139 856 254 948 tradit,
277 853 354 922 dum
375 855 509 942 sagittas
566 857 680 924 arculis
697 867 824 948 stupet,
845 857 900 946 qui
920 868 969 925 tot
986 857 1167 924 Centauros
1182 858 1277 932 occi-
1386 907 1387 950 3

140 944 249 1022 derat,
278 963 372 1007 unam
402 964 440 1009 ex
466 943 525 1010 illis
545 943 576 1008 in
606 942 723 1033 pedem
752 942 927 1023 cecidisse3
961 941 1052 1032 cujus
1072 941 1202 1010 vulnere
1224 967 1277 1011 aa·
1386 981 1387 984 ¹

140 1030 209 1100 nari
230 1049 293 1094 uon
314 1027 425 1116 potuit
467 1027 548 1096 ldeo
577 1029 713 1097 credunt
739 1027 878 1107 nonnulli
898 1029 939 1095 ab
961 1027 1104 1096 Hercule
1125 1029 1282 1098 ocenum,

100 1169 168 1280 no⁸
228 1165 230 1178 Ι
299 1283 319 1296 „
392 1200 460 1278 62.
506 1169 1060 1321 'Hydruetflerenlesd

224 1327 342 1421 Hydra
363 1330 422 1401 luit
441 1332 475 1398 in
497 1328 623 1413 Lerna,
644 1331 834 1419 Argivorum
855 1329 989 1420 palude,
1014 1342 1165 1422 serpens,
1186 1336 1277 1426 quin-

143 1418 297 1504 quaginta
318 1417 440 1485 habena
462 1417 582 1506 capita,
604 1415 671 1494 rel,
696 1426 733 1484 ut
754 1417 883 1506 quidam
904 1417 1031 1499 dicunt,
1058 1428 1198 1508 septem,
1225 1423 1279 1509 qui
1386 1477 1387 1480 ,

144 1525 270 1569 omnem
291 1504 456 1591 regionem
482 1503 676 1571 devorabat·
694 1502 808 1579 'Quod
832 1525 929 1592 quum
951 1504 1092 1573 audisset
1113 1507 1280 1590 Hercules,
1318 1511 1323 1524 '

145 1589 264 1658 adiens
286 1612 359 1662 eum
392 1589 615 1677 expugnabat,
647 1599 680 1656 et
709 1609 776 1662 uno
802 1611 915 1672 caeso,
945 1583 1005 1658 tria
1028 1592 1134 1678 capita
1152 1617 1280 1674 cresce-

103 1676 221 1742 tebant
258 1673 363 1760 (unde
384 1687 418 1744 et
437 1675 553 1742 Latine
573 1685 712 1740 excetra
731 1686 780 1744 est
801 1675 915 1762 dicta).
952 1677 1057 1754 Quam
1081 1690 1193 1766 postea
1209 1683 1279 1772 Hy·
1386 1683 1387 1686 ’

144 1760 235 1826 ‹lram
256 1760 415 1828 Hercules
438 1759 562 1827 devicit.
606 1757 674 1826 Sed
699 1772 842 1842 constat,
867 1759 1027 1848 hydram
1048 1761 1153 1830 locum
1182 1767 1282 1836 fuisse
1316 1769 1327 1781 “
1386 1831 1387 1862 ,

145 1856 341 1913 evomentem
364 1870 463 1934 aquas
486 1856 645 1914 vastantes
663 1846 797 1914 vicinam
820 1845 994 1930 civitatem
1017 1849 1049 1913 in
1068 1872 1149 1950 quo,
1173 1867 1281 1922 meatu
1386 1863 1387 1914 l

145 1953 210 1998 uno
233 1930 359 2014 clauso,
382 1933 469 2006 multi
490 1933 707 2021 erumpebant
750 1931 849 2008 Quod
870 1932 1029 2000 Hercules
1056 1931 1181 2017 ridens,
1209 1940 1280 2029 ipsa

146 2017 230 2084 locas
247 2020 383 2100 exussit,
417 2031 450 2088 et
479 2017 526 2085 sic
552 2028 692 2085 meatum
721 2041 825 2085 auae
849 2017 968 2086 clausit
1010 2019 1094 2086 Nam
1116 2021 1223 2110 hydra·
1239 2029 1281 2094 ab

103 2113 230 2194 ²⁰aqua
253 2117 309 2174 est·
323 2104 418 2176 dicta.
457 2103 608 2172 Potuisse
629 2114 736 2171 autem
780 2127 839 2172 acc
859 2103 946 2185 fieri,
971 2103 1023 2170 ille
1043 2106 1161 2175 indicat
1181 2108 1282 2194 locus,

90 2256 92 2264 s
145 2192 199 2341 pbi
231 2185 363 2261 dicitur:
400 2189 618 2278 Exsequitur
645 2188 791 2271 vitium,
823 2199 928 2278 atque
957 2191 1114 2258 exundat
1141 2194 1282 2268 inutilis

119 2291 120 2296 ’
157 2291 277 2342 tremor.
371 2323 373 2329 ι
633 2306 635 2310 ’

381 2398 448 2472 65.
503 2361 767 2472 Aen-amnas¹
801 2397 1046 2496 Herculis.

110 2527 112 2536 ‘
234 2527 320 2594 Aliae
342 2525 510 2614 quaedam,
533 2537 661 2613 praeter
683 2525 758 2614 has,
792 2546 876 2613 quae
908 2523 962 2590 hic
982 2523 1202 2606 continentur,
1236 2527 1283 2594 la-

105 2613 243 2681 aebulae
270 2613 312 2678 de
342 2613 484 2678 He'rcule
512 2612 687 2761 fidffumuf·
729 2609 814 2678 Nam
842 2609 943 2715 fertur
973 2624 1005 2679 et
1032 2611 1303 2700 Erymantheum.

115 2757 118 2766 ,
149 2695 310 2788 quendam
340 2719 452 2784 aprum
481 2719 554 2762 occa
577 2721 657 2779 rsse;
698 2709 730 2765 et
758 2717 853 2762 cerro
874 2697 1014 2766 cuidam
1042 2719 1142 2764 aurea
1163 2721 1284 2766 cornua

149 2783 337 2861 abstulisse;
371 2793 403 2852 et
424 2783 615 2850 Amazonam
638 2782 742 2850 balteo
766 2781 919 2874 spoliasse
927 2806 938 2863 ς
974 2795 1007 2851 et
1035 2782 1077 2848 de
1095 2785 1184 2872 equis
1205 2786 1284 2852 Dio-

149 2870 249 2942 media
289 2869 450 2936 victoriam
490 2869 651 2952 retulisse3
695 2881 728 2938 et
764 2867 899 2935 Lucano
938 2878 1126 2948 attestante,
1167 2871 1284 2938 Ossam

149 2967 307 3036 montem,
329 2976 425 3043 super
447 2955 562 3024 ositum
584 2979 603 3022 a
629 2954 824 3046 Gigantibus
846 2955 1002 3044 Olympo,
1026 2955 1197 3044 dejecisse3
1226 2961 1284 3024 sub

6 3121 9 3132 Δ
109 3067 215 3122 sonno
238 3039 376 3108 anhelitu
399 2978 521 3108 OleV
548 3064 665 3130 passus
687 3065 783 3109 cursu
802 3039 923 3130 pedum
947 3040 1151 3127 percurrisse.
1192 3044 1287 3118 Quae

151 3144 258 3199 tamen
281 3126 466 3213 praedictae
487 3127 613 3196 fabulae
634 3128 709 3194 ideo
731 3129 868 3195 hicnon
891 3126 984 3214 plene
998 3127 1190 3208 scribuntur,
1211 3131 1296 3217 quie¹

151 3239 225 3284 raro
256 3213 462 3280 inveniuntur.

337 3341 406 3418 (id.
461 3343 749 3444 Eurystheus
786 3357 830 3418 et
864 3315 1103 3418 Hercules.
1153 3307 1156 3313 Ι

238 3473 439 3564 Eurystheus
460 3493 515 3538 ren·
539 3473 598 3542 suit
622 3473 813 3555 Graeciae,
828 3473 942 3540 Persei
965 3494 1088 3561 genus,
1117 3469 1169 3558 qni
1190 3469 1290 3556 June-

113 3557 202 3630 3anis
231 3561 380 3630 instinctu
409 3559 586 3644 imperabat
602 3559 760 3642 Herculi,
790 3572 826 3629 ut
846 3560 931 3627 varia
952 3567 1093 3626 monstra
1106 3569 1290 3644 superaret,

155 3647 269 3734 quibus
301 3655 410 3734 posset
438 3644 551 3730 perire.
610 3645 707 3721 Unde
738 3670 810 3714 eum
842 3645 957 3713 durum
990 3649 1086 3733 polita
1116 3643 1291 3732 appellavit,

113 3819 125 3846 Ι
155 3730 208 3820 qui
230 3733 334 3822 potuit
356 3730 398 3803 ad
421 3729 644 3820 complendum
664 3731 773 3800 odium
795 3733 963 3800 novercale
983 3729 1144 3798 sulficere.
1188 3754 1189 3760 ¹

396 3887 489 3962 65(
519 3887 706 3965 Busiris
747 3879 789 3964 el
813 3887 1061 3998 'Herculea

192 4073 195 4084 .
240 4015 363 4084 Busiris
385 4036 440 4082 rex
463 4015 521 4082 luit
535 3992 692 4106 Aegypti,
735 4019 799 4098 Qui
827 4036 924 4110 quum
951 4029 1118 4105 susceptos
1149 4015 1292 4106 hospites

6 4103 8 4160 Ξ
116 4103 352 4179 aeimmolaret,
397 4103 437 4169 ab
472 4101 616 4168 Hercule
643 4103 831 4174 interemtus
861 4120 928 4189 eat,
969 4125 1066 4194 quum
1097 4103 1191 4170 etiam
1220 4125 1295 4173 eum

6 4195 7 4270 Ῑ
74 4244 76 4249 2
155 4189 307 4278 'voluisset
328 4185 486 4254 occidere.
596 4255 601 4270 ,
965 4227 967 4232 -
1007 4239 1010 4246 .

6 4303 7 4340 r
986 4381 1026 4422 .r
