2786 4800
322 259 366 356 ,ς
419 235 603 362 myrhope.
632 209 667 308 ι’.
722 232 921 314 as-ra.
1222 236 1250 314 s

441 452 448 459 ·
538 418 605 498 ld.
659 421 811 498 Circe.

183 572 419 656 croesus
445 563 525 658 filia,
555 573 715 646 ininsula
743 577 852 645 Aeaea
872 575 1021 658 'sedensy
1048 571 1170 646 delatos
1206 577 1249 645 ad

99 659 134 728 ts
152 659 188 730 in
220 660 310 728 feras
336 661 493 732 mutabat.
523 659 585 731 ,Ad
612 661 697 730 hanc
722 661 806 731 torte
838 661 962 731 delatus
983 662 1122 748 Ulines,¹
1139 661 1246 754 Eury-

99 747 230 816 lochum
253 767 328 814 cum
349 747 459 836 viginti
481 759 514 816 et
535 732 779 820 dad‘oassociis
799 747 900 830 misit,
932 770 1013 838 quos
1040 749 1082 816 ab
1106 749 1247 818 humana
1271 793 1276 802 ι

98 833 209 900 secie
229 833 263 908 in
285 833 606 902 ferascommutarit.
649 833 718 902 Sed
748 831 951 922 Eurylochus
980 831 1056 900 inde
1079 834 1180 924 fugit,
1211 845 1269 910 ets

127 919 182 989 lixi
223 918 392 1007 nunciavit
441 919 475 1006 ls
515 919 601 988 solas
629 918 673 988 ad
703 941 775 990 eam
806 919 1079 1008 proficiscebatur.
1122 921 1185 988 Cui
1214 921 1247 988 in

97 1005 212 1076 itinere
241 1003 423 1072 Mercurius
444 1003 622 1074 remedium
644 1003 749 1086 dedit,
782 1004 1051 1094 monstravitque,
1083 1004 1247 1093 quomodo

99 1091 220 1177 Circen
242 1089 417 1178 deciperet
460 1091 523 1168 Qui
546 1104 716 1180 postquam
737 1088 871 1158 adeam
892 1090 985 1172 venit,
1007 1092 1048 1156 ab
1070 1111 1109 1157 ea
1128 1091 1245 1182 poculo

101 1187 258 1263 accepto,
284 1173 435 1244 Mercurii
457 1177 634 1248 remedium
656 1176 792 1256 miscuit,
812 1189 846 1247 et
866 1176 977 1246 eduxit
1000 1198 1126 1256 ensem,
1153 1177 1247 1266 eique
1268 1250 1271 1254 ,

102 1262 234 1328 minatus
266 1273 331 1342 est,
360 1273 397 1328 ut
424 1261 484 1328 sibi
511 1263 617 1333 socios
646 1263 839 1332 restitueret
883 1261 980 1340 Tunc
1009 1263 1107 1329 Circe
1133 1265 1242 1342 sensit,
1252 1282 1286 1330 to

106 1347 172 1414 sine
192 1347 351 1429 voluntate
372 1347 507 1416 deornm
534 1349 600 1416 hoc
630 1371 697 1432 non¹
725 1348 847 1416 lactum
878 1370 968 1428 esse,
1001 1347 1131 1436 fideque
1156 1350 1242 1432 data,

108 1433 205 1499 socios
233 1433 266 1498 ei
294 1432 439 1500 restituit.
483 1429 557 1524 lpse
575 1457 653 1524 ¹vero
682 1457 755 1503 cum
777 1456 818 1500 ea
835 1453 905 1500 rem
925 1434 1053 1515 habuit,
1085 1444 1118 1501 et
1145 1431 1243 1526 'Pele-

106 1539 220 1616 ganum
242 1523 345 1587 esea
360 1522 561 1608 procrearit,
589 1519 679 1612 cujus
696 1541 792 1587 manu
806 1519 1063 1612 posteaoccisus
1082 1520 1243 1588 occubuit.

282 1797 284 1806 ,
347 1799 349 1803 ,
491 1715 557 1794 aa.
613 1703 835 1797 'streame
950 1771 958 1782 .,

181 1844 330 1915 'liresias
352 1825 428 1915 dum
449 1833 509 1915 iret
528 1867 589 1938 per
608 1825 727 1934 sillani,
749 1847 826 1921 vidit
845 1832 930 1922 ddos
949 1835 1115 1938 serpentes
1143 1847 1283 1918 coire.1⁵
1322 1853 1335 1870 ‘

96 1933 188 2026 Quos
212 1954 311 2021 quum
333 1931 424 2018 virga
442 1933 658 2021 percussisset,
672 1938 714 2014 ,in
732 1936 882 2010 feminam
900 1947 1041 2008 mutatus
1062 1945 1119 2002 est
1160 1929 1243 2002 Post

95 2030 170 2096 octo
204 2039 306 2084 annos
335 2017 411 2084 dum
433 2017 555 2088 videret
583 2043 639 2090 cos
669 2021 811 2092 similiter
833 2025 1095 2096 concumbentes,
1121 2031 1154 2087 et
1183 2041 1241 2094 eos

20 2156 24 2169 .
95 2126 226 2206 rursus·
240 2113 444 2192 percuteret,
477 2104 509 2171 in
538 2106 701 2194 pristinam
717 2109 894 2178 restitutus
922 2120 972 2180 est
999 2120 1155 2174 naturam.
1198 2103 1250 2172 Et·
1343 2151 1348 2156 «

99 2198 196 2277 quum
217 2200 302 2256 mter
322 2189 435 2255 Jovem
459 2204 493 2258 et
511 2189 673 2262 lunonem
692 2193 730 2261 lis
753 2207 855 2272 esset,
884 2194 920 2262 in
950 2216 1014 2283 quo
1040 2213 1120 2258 sexu
1139 2189 1241 2280 major

99 2287 185 2343 esset
205 2297 320 2342 sensus
343 2276 498 2357 suavitas,
515 2275 682 2347 'adhibitus
701 2288 751 2346 est
771 2281 832 2348 iste
843 2280 964 2372 judex,
994 2276 1048 2428 yui
1064 2287 1297 2362 utrumqueto

97 2361 339 2428 sexamsuerat
368 2373 534 2450 expertus}
565 2375 599 2436 et
622 2364 840 2467 iuterrogatus
871 2366 967 2447 dixit,
1010 2362 1164 2430 emineam
1185 2385 1240 2448 vo-

95 2445 253 2536 luptatem
289 2445 383 2536 triplo
418 2447 572 2538 majorem
605 2473 678 2520 esse
705 2451 792 2520 virili.
846 2451 953 2530 Quam
983 2449 1025 2514 ob
1057 2469 1126 2516 rem
1153 2447 1239 2514 Juno

93 2532 177 2600 irata
198 2531 332 2621 privavit
353 2541 435 2602 eum'
448 2535 568 2618 oculis,
583 2531 689 2626 'quasi
715 2537 893 2640 gratiosum
917 2540 949 2608 ia
974 2534 1107 2615 lovem,
1139 2546 1172 2600 01
1191 2533 1241 2598 31¹⁴
1264 2548 1268 2566 '

87 2618 250 2709 juriosum
278 2617 310 2682 in
340 2641 405 2710 se,
428 2620 482 2688 Ob
511 2645 606 2712 quam
636 2621 781 2714 injurtam
804 2629 902 2714 quum
924 2625 1119 2702 obcaecatus
1142 2629 1238 2708 esset,

92 2705 244 2796 luppiter
266 2704 445 2799 futurorum
468 2705 497 2784 ei
518 2700 666 2799 praebuit
685 2707 939 2800 praescientiam.
1243 2739 1278 2789 as

508 2900 575 2977 17.
628 2903 827 3009 Lycaon»

179 3031 349 3186 Japyiter,
372 3030 510 3122 'humani
537 3029 666 3100 sceleris
693 3034 734 3100 im
760 3034 879 3116 atieas,
911 3028 1065 3112 ‘simulata
1101 3013 1236 3128 hominis

89 3118 246 3210 speclea
290 3117 496 3210 Lycaonem,
518 3119 735 3206 regemdrca
759 3119 827 3202 'ae,
853 3122 954 3210 verrit,
970 3125 1030 3215 ¹qui
1045 3127 1124 3216 ipsi,
1146 3123 1253 3217 quasi'

89 3203 239 3285 mortali,
272 3226 470 3294 praeparans
507 3215 661 3284 mortem,
698 3203 838 3274 humana
868 3209 1018 3288 'membra
1053 3211 1235 3281 devoranda

90 3291 256 3380 apposuit.
299 3290 393 3366 Quae
412 3301 582 3382 postquam
601 3287 749 3379 luppiter
771 3291 887 3375 sensit,
916 3314 980 3362 non
1010 3316 1084 3366 enm
1108 3298 1277 3389 penitusue

89 3376 273 3459 interemit3
310 3373 387 3459 sed,
419 3399 462 3471 ne
482 3375 626 3466 supplicii
647 3375 806 3446 amitteret
832 3399 983 3462 sensnm,
1017 3383 1081 3474 lapi
1110 3379 1265 3450 eum'i'd'
1319 3389 1321 3392 ’

92 3461 231 3528 formam
254 3462 426 3544 convertit,
457 3464 512 3552 qai
538 3461 646 3530 adhuc
676 3472 709 3532 et
728 3485 835 3530 mores
863 3466 896 3532 in
926 3467 1034 3551 rabie,
1063 3480 1096 3536 et
1119 3490 1235 3535 nomen

89 3545 258 3636 Lycaonis
288 3546 319 3611 in
353 3547 562 3638 appellatione
594 3563 709 3616 serrat.
764 3547 857 3616 Idem
901 3553 1036 3643 Lycaon
1079 3554 1237 3624 habuerat

89 3633 191 3700 liliam
214 3630 355 3700 Callisto.
392 3635 622 3724 ‘Quamquam
643 3633 785 3718 vitiasset
801 3635 970 3726 duppiter,
997 3641 1181 3708 lanceam
1202 3641 1234 3708 in

88 3739 203 3870 urliam
224 3718 399 3868 cynvertit;
427 3726 540 3812 postea
561 3716 707 3808 luppiter
728 3717 908 3808 miseratus,
928 3723 1110 3814 insignum
1132 3719 1275 3796 'trans-ts

88 3813 124 3870 m
149 3815 163 3876 t
184 3814 333 3872 caeeste.
985 3824 990 3836 ¹

313 4031 314 4035 ,
432 3973 497 4054 ld.
561 3979 603 4052 lo
644 3925 896 4100 et‘arjgus.
939 4009 944 4016 ¹
988 3981 1009 4004 “’
1050 3982 1052 3990 ’
1099 4060 1104 4069 ,

156 4097 239 4186 lo,
272 4103 383 4172 Inachi
418 4101 508 4194 regis
537 4105 587 4190 rel
614 4105 680 4172 Iasi
698 4107 781 4188 lilia,
819 4093 931 4194 quum
945 4109 1095 4200 aequales
1119 4097 1235 4202 ¹specie
1338 4163 1348 4182 .

89 4187 401 4347 suyiyraecelleret,
426 4187 552 4315 adore
571 4189 721 4260 adornata
742 4203 811 4270 est,
838 4192 892 4294 qui
919 4193 1057 4296 admotis
1080 4203 1234 4286 precibus

87 4275 142 4358 de
187 4297 289 4358 enum
316 4277 471 4365 opplent.
492 4289 553 4364 et,
582 4297 622 4348 ne
648 4275 909 4380 puellolunoms
930 4303 1009 4357 uam
1030 4284 1234 4372 procuderet,
1242 4304 1276 4354 so

269 4429 289 4464 f
461 4471 462 4474 ,
