2698 4804
183 182 266 262 ιιι
508 159 691 286 nqmpss
719 187 792 260 ιιι.
838 188 887 259 c.
942 187 1005 262 aa.
1123 279 1128 286 .

184 368 312 437 roribus
334 364 460 434 aestivis
481 364 626 455 oriparos
647 363 796 455 producit
816 367 932 448 foetus,
954 369 1001 436 vel
1021 369 1104 458 quod
1132 367 1287 437 secundun

184 456 262 522 alios
279 454 368 520 ,haec
390 453 455 518 aris
474 451 617 538 auguriis
639 452 800 542 aptissima
822 465 880 521 est.
929 451 1025 522 Unde
1047 456 1181 535 Statius,
1208 454 1289 520 inicii-

87 537 93 556 *
185 542 314 608 citatem
345 537 472 626 augurii
510 538 677 618 intimans,
715 536 899 604 obscurum
935 541 1088 606 comitem
1127 535 1290 628 tripedem,

184 627 219 690 id
262 635 311 691 est
349 645 494 701 corvum,
535 625 649 690 abesse
679 623 894 710 conqueritur.
950 625 1046 710 Quod
1088 641 1189 692 autern
1232 647 1288 689 eun

161 711 343 776 oPhoebus
362 709 459 799 juxta
480 708 629 774 Ovidium
650 709 682 773 in
708 708 851 774 secundo
880 709 1054 776 Fastorum
1083 711 1142 777 hac
1170 709 1290 774 affecerit
1314 767 1320 779 ,

185 795 377 897 ignominia,
408 806 443 861 ut
463 794 617 881 quamdiu
645 796 725 860 licus
756 807 971 882 coquerentur
998 809 1031 862 et
1057 806 1290 874 maturescerent,

185 884 297 959 babere
317 902 379 946 nun
400 891 527 967 posset,
559 881 600 946 ob
623 879 686 946 hoc
711 881 820 946 fictum
843 880 978 968 legitur,
1017 883 1103 970 qnod
1122 882 1176 948 itta
1199 881 1290 944 diebus

213 978 300 1035 ottur
335 978 499 1053 pertusum
539 964 660 1030 habere
690 965 904 1052 perhibeatur.
955 968 1144 1034 Secundum
1177 965 1291 1032 iabnian

185 989 242 1118 {ol
274 1073 346 1118 curn
375 1051 529 1141 Clymene
559 1049 707 1139 Nympha
740 1054 848 1117 coiens
876 1051 1079 1120 Phaethonta
1111 1053 1220 1119 dicitur
1247 1072 1290 1136 ge·

144 1139 309 1215 tonuisse,
330 1136 385 1223 qui
402 1148 556 1223 paternos
578 1158 692 1202 currus
713 1133 868 1204 affectans
900 1137 960 1202 sibi
983 1152 1079 1236 atque
1101 1137 1213 1204 mundo
1233 1157 1291 1201 con-

186 1221 386 1289 cremationis
406 1221 595 1290 detrimenta
614 1222 769 1288 conflavit.
813 1221 950 1310 Semper
971 1247 1052 1310 ergo
1073 1225 1121 1290 soi
1140 1247 1208 1290 curn
1228 1243 1290 1308 aqua

186 1310 295 1374 coiens
318 1307 439 1372 fructus
461 1305 581 1394 aliquos
604 1307 720 1394 gignat
741 1329 873 1373 necesse
895 1297 960 1388 cst,
981 1312 1036 1397 qui
1058 1333 1097 1376 eo
1119 1304 1291 1404 quoddterris

186 1393 349 1460 exilientes
374 1404 566 1479 appareant,
600 1393 812 1479 phaethontes
835 1392 925 1480 quasi
951 1397 1130 1480 ‹pcr'uorirrg
1160 1393 1291 1484 appelian-

186 1490 257 1561 tnr;
301 1479 431 1565 φαίνων
474 1477 556 1542 onim
593 1499 768 1564 appareas
801 1478 1038 1566 iuterpretatur.
1097 1481 1159 1558 Qui
1190 1477 1291 1568 quiden

130 1565 312 1635 'infructus
333 1561 375 1629 ad
397 1564 608 1630 maturitatem
630 1563 680 1628 sui
709 1564 783 1628 sciis
815 1564 965 1654 ardorem
993 1575 1166 1655 quaerunt;
1193 1560 1245 1631 sed
1262 1583 1290 1624 eo

186 1662 338 1738 accepto,
360 1644 577 1735 frequentibus
605 1660 637 1714 et
659 1647 759 1714 nimiis
779 1647 932 1716 incendiis
954 1663 1207 1718 concremanturs
1233 1649 1290 1732 llu-

185 1736 199 1807 “,
220 1761 237 1804 s
259 1755 386 1802 sorores
409 1734 563 1820 gemmeis
581 1734 681 1818 guttis
701 1735 890 1812 lucentibus,
911 1745 948 1802 ut
969 1738 1156 1804 Ovidiusin
1177 1731 1290 1804 secundo

180 1761 488 1906 hletamorphoseon
511 1820 626 1897 refert,
650 1818 980 1907 sraternndeplorant
1000 1823 1163 1902 incendia,
1194 1819 1291 1886 sucina-

188 1929 258 1992 que
274 1905 407 1991 diruptis
424 1903 548 1993 jaciunt
570 1905 715 1974 inaurata
737 1905 919 1973 corticibus.
974 1909 1069 1983 Quae
1098 1921 1131 1975 et
1156 1903 1289 1976 mitade,

144 1991 222 2059 uuid
244 2004 293 2058 est
315 1990 398 2056 Solis
421 1990 514 2068 tiliae,
538 2003 771 2078 nuncupantur.
813 1991 999 2061 Herbarum
1020 1995 1121 2082 igitur
1149 2007 1179 2060 et
1198 1995 1286 2057 iiorun

188 2076 301 2165 procui
343 2075 440 2141 dubio
477 2077 610 2141 arbores
637 2098 764 2164 sorores
793 2090 884 2157 sunt,
928 2102 1012 2166 quae
1047 2097 1122 2147 una'
1144 2077 1286 2159 eademque

187 2161 320 2228 l'erroris
343 2159 546 2249 humorisque
574 2160 782 2252 jugabilitate,
804 2161 993 2250 gignuntur.
1045 2168 1183 2232 Arbores
1210 2175 1288 2226 auten

185 2248 274 2330 illoc,
304 2270 386 2334 quae
423 2247 567 2314 sucinum
598 2245 731 2326 sudant,
768 2247 844 2313 dnm
873 2262 1014 2316 maturas
1043 2251 1154 2337 fruges
1183 2248 1223 2316 sol
1241 2257 1289 2310 tor-

190 2355 265 2402 rens
286 2333 381 2400 Junio
413 2333 575 2420 Jniioquex
599 2333 758 2400 mensibus
792 2332 1013 2412 incendiosior,
1034 2337 1193 2402 Cancrum
1220 2343 1290 2415 atqu

146 2417 336 2494 atheon'cm
366 2419 509 2504 attingit,
544 2430 621 2484 tuuc
639 2430 728 2483 aestu
760 2418 862 2484 valido
893 2421 976 2488 fissis
999 2424 1179 2500 ‚corticibus
1205 2413 1291 2483 sucum

187 2528 279 2571 suum
299 2505 429 2593 iiqu'oris
451 2506 484 2568 in
505 2501 649 2568 Eridano
680 2503 812 2570 flumine
839 2507 929 2592 aquis
957 2507 988 2572 in
1020 2506 1174 2574 electrum
1201 2503 1291 2595 duran·¹

187 2590 263 2658 dum
287 2594 442 2658 emittunt.
496 2585 669 2653 Sciendum
700 2606 795 2673 reru,
827 2589 920 2678 juxta
950 2591 1090 2660 Plinium
1117 2595 1148 2658 in
1178 2581 1294 2656 Naturali

186 2676 331 2742 Historia
350 2675 412 2742 tria
434 2694 506 2736 esse
526 2673 638 2740 electri
655 2695 795 2760 genera,
809 2687 814 2703 ¹
830 2699 928 2744 unum
949 2701 991 2743 ex
1011 2679 1197 2757 arboribus,
1227 2665 1292 2773 qu⁰l

94 2808 100 2816 -
187 2762 333 2826 sucinum
362 2759 493 2839 dicitur;
531 2756 635 2837 aliud,
665 2759 752 2847 quod
773 2761 956 2830 naturahter
976 2764 1149 2845 invenitur;
1182 2772 1305 2845 ternum,-

52 2891 61 2900 ε
144 2845 276 2932 acquod
298 2847 334 2911 ut
355 2844 397 2910 de
418 2845 526 2922 tribus
539 2843 680 2932 partibus
703 2845 772 2914 auri
794 2857 827 2928 et
842 2849 912 2916 'una
934 2850 1080 2935 argenti;
1100 2873 1179 2940 quas
1201 2852 1293 2936 parter.

187 2933 213 2998 si
235 2929 372 3001 resolvas
393 2951 548 3008 massam,
570 2931 717 2998 invenies.
759 2931 879 3000 Electri
902 2948 1008 3002 autem
1030 2949 1147 3003 nature
1168 2933 1293 3024 probatur

187 3038 413 3105 renenopquo
436 3029 585 3106 recepto,
617 3029 650 3084 ct
669 3015 845 3085 stridorem
875 3021 989 3090 emittit
1016 3032 1049 3089 et
1079 3021 1183 3089 varios
1207 3015 1243 3100 ud
1265 3031 1292 3078 εἰ·

186 3101 392 3190 militudinem
416 3103 558 3169 venenati
580 3099 687 3166 reddit
719 3101 851 3194 colores.
954 3123 964 3142 *
1160 3105 1195 3146 t.

63 3197 64 3200 ’
272 3190 321 3254 15.
364 3187 563 3254 Medicorum
607 3187 760 3254 Phoebus
798 3211 861 3254 nun
899 3187 1055 3257 immerito
1089 3187 1169 3256 deus
1205 3182 1294 3252 dicitur

67 3297 70 3310 ’
145 3273 240 3340 torel
260 3272 347 3361 qnod
365 3274 502 3350 herbae,
525 3272 638 3360 quibus
661 3273 780 3362 physici
802 3284 950 3348 utuntur,
971 3276 1044 3342 solis
1064 3276 1177 3342 calore
1197 3265 1294 3362 produ·

188 3369 320 3440 cuntur,
338 3359 400 3443 ,rei
451 3356 518 3425 uod
554 3358 746 3444 praecipuae
776 3369 956 3447 temporum
992 3362 1198 3438 mutationes,
1237 3369 1293 3442 <1⁰³⁵

187 3444 261 3512 solis
282 3465 395 3512 cursus
428 3382 585 3530 disponit,
622 3442 807 3509 humoribus
836 3444 1044 3530 aequalitates
1073 3452 1239 3538 apportent
1261 3429 1293 3499 tel

111 3538 114 3566 ¹
187 3529 442 3620 inaequalitates,
483 3528 658 3616 exquibus
688 3528 772 3594 salus
802 3531 1086 3620 aegritudinesque
1099 3533 1293 3620 generosius·

188 3613 285 3684 Unde
319 3617 413 3683 etiam
433 3613 581 3680 ,Ovidius
617 3613 649 3680 in
672 3617 772 3701 primo
809 3615 1109 3706 Metamorphosesin
1152 3623 1294 3704 autumnus

148 3701 387 3790 minaequales,
415 3699 448 3766 id
470 3712 519 3768 est
539 3697 701 3790 morbidos
725 3700 840 3783 vocat3'
864 3707 1001 3790 quornm
1023 3691 1296 3782 videlicet-singula

120 3860 125 3866 ,
189 3789 278 3854 antris
316 3809 431 3875 graves
467 3787 647 3872 experimur
688 3785 918 3872 pestilentias.¹
950 3789 1035 3855 Nam
1072 3800 1109 3856 ut
1150 3795 1296 3854 auncurt

65 3944 68 3954 ,
191 3872 308 3940 morbis
326 3871 484 3951 abundet,
499 3892 501 3903 ¹
519 3870 645 3956 frigoris
667 3883 707 3938 ct:
721 3871 833 3938 celcris
856 3873 983 3938 confine
1003 3873 1099 3954 facit,
1139 3866 1298 3962 quodlicet

190 3958 285 4022 etiam
304 3973 431 4024 vernum
461 3969 586 4044 tempus
619 3957 757 4033 habeat,
791 3960 919 4026 morbos
951 3971 1056 4026 tumen
1088 3957 1190 4024 minus
1220 3955 1298 4020 creat

191 4045 264 4130 quia
289 4054 374 4109 tunc
403 4064 540 4134 corpora
567 4041 770 4129 praecedenti
802 4041 917 4110 durata
950 4056 1025 4111 sunt
1053 4044 1193 4194 hippone,
1234 4049 1300 4136 quui

149 4143 360 4218 usautumnus
377 4128 571 4214 ¹corrumpit,
593 4127 711 4194 laxiora
733 4128 893 4196 inveniens
915 4130 1043 4214 aestatis
1066 4151 1182 4194 caure.
1230 4123 1298 4189 flac

89 4293 91 4297 ἁ
189 4226 222 4279 et
244 4217 371 4289 ornnes,
401 4228 436 4279 ut
457 4213 501 4280 ait
522 4213 667 4294 Servius,
702 4214 755 4302 qui
777 4216 866 4282 sectb
888 4215 997 4284 matris
1029 4224 1120 4282 utero
1148 4223 1298 4302 procreau-
