2786 4800
102 234 107 265 „
165 177 223 262 42
464 176 647 282 Mythogr,
674 177 715 258 1.·
727 181 738 246 4
758 178 904 258 1513-
920 179 1012 260 155.

167 378 205 438 ut
229 362 523 434 uno'intuereatur
547 363 653 436 ¹oculo.
704 365 853 434 Fuerunt
877 377 991 438 autem
1017 363 1301 458 locupletissimse;

167 451 257 520 unde
278 462 311 518 et
331 453 572 539 Gorgones,
601 450 691 538 quasi
715 453 920 554 georgicae,
949 451 982 520 id
1003 464 1053 522 est
1073 454 1163 542 quasi
1186 465 1302 520 terrae

168 538 350 606 cultrices:
403 536 536 622 r'penim
558 537 704 612 Graece,
732 535 849 604 Latine
877 548 993 619 terram
1017 540 1159 642 propylo
1185 539 1303 607 dicitur

99 647 104 672 t
169 623 323 690 culture.
371 561 500 690 illortuo
521 634 628 710 patre,
655 619 791 688 Medusa
812 622 913 712 major
932 624 996 691 lilia
1017 646 1049 691 tn
1070 645 1206 712 reguum
1228 643 1303 690 suc-

41 748 45 760 1
70 733 78 770 v
144 708 284 785 coesse,
312 729 407 797 quam
428 708 584 787 Perseus,
612 729 670 774 rex
692 707 800 789 Asiae,
821 706 997 792 interfecit,
1024 709 1144 800 atejus
1165 731 1304 798 regnum

168 792 306 859 abstulit.
346 793 377 860 ·V
378 791 473 862 eritas
494 805 600 860 tamen
620 793 684 858 hoc
704 791 802 860 modo
822 816 859 860 se
879 794 984 862 inaltet.
1027 796 1165 884 Gorgon
1190 806 1304 858 terror

165 877 409 966 interpretatur,
438 877 562 948 Stheuo
587 875 769 958 debilites,
799 878 940 970 Euryale
965 880 1042 946 toto
1063 877 1306 967 propendites,

166 962 305 1030 Medusa
330 964 487 1030 amentio
510 962 557 1030 vel
581 960 716 1026 oblivio.
759 963 855 1030 Haec
878 978 984 1033 autem
1010 965 1117 1032 omnia
1143 965 1176 1030 iu
1201 963 1303 1030 homi-

26 1093 33 1098 -
153 1049 261 1114 nibus
286 1059 442 1116 terrorem
468 1057 651 1135 operantur.
695 1046 834 1116 Perseus
863 1063 971 1119 autem
994 1049 1026 1116 iu
1052 1051 1159 1138 figura
1179 1048 1302 1117 virtutis

126 1133 306 1224 reponitur,
327 1134 381 1223 qui
391 1135 580 1222 Gorgonem
599 1132 713 1200 auxilio
727 1133 889 1201 Minervae
908 1135 1084 1217 interfecit3
1112 1134 1187 1225 quia
1204 1135 1302 1202 virtus
1380 1139 1381 1144 ’

167 1220 342 1308 sapientiae
356 1241 465 1286 omnes
480 1218 576 1288 vincit
588 1231 737 1287 terrores.
779 1219 832 1286 De
846 1223 1004 1308 sauguine
1019 1232 1126 1289 autem
1138 1221 1302 1308 Gorgonis

22 1335 25 1343 ⁴
166 1316 323 1382 natusest
335 1305 495 1392 Pegasus,
516 1305 570 1393 qui
577 1301 686 1391 seme
701 1305 943 1394 interpretatur;
964 1317 997 1375 'et
1011 1305 1095 1396 pede
1108 1328 1167 1372 suo
1183 1306 1303 1373 sontem
1380 1357 1381 1360 ,

167 1389 327 1458 Castaliae
342 1390 406 1456 sive
419 1391 604 1493 Pegaseum
621 1387 786 1477 produxit;
807 1393 881 1480 quia
896 1392 1004 1472 virtus,
1019 1391 1124 1460 omnia
1136 1413 1304 1480 superaus,

127 1485 128 1492 ’
164 1475 365 1550 bonamsibi
390 1478 525 1564 acquust
545 1477 672 1543 famam.
714 1475 898 1564 Fungentur
919 1491 1026 1546 autem
1049 1483 1165 1566 podiae
1185 1474 1229 1543 de
1251 1475 1303 1544 illo

125 1577 161 1632 15
189 1573 279 1651 ctare
301 1561 407 1641 iente,
441 1562 516 1651 quia
542 1561 676 1653 poeticis
703 1562 865 1652 figmentis
893 1563 1028 1632 maxime
1057 1562 1143 1629 lama
1167 1561 1303 1651 juvatur.

199 1645 352 1718 omndum
373 1657 423 1716 est
446 1669 540 1731 vero,
567 1645 656 1737 quod
677 1646 827 1736 Pegasus
851 1671 952 1739 equus
975 1649 1034 1717 luit
1055 1646 1206 1739 Neptuni.

465 1810 556 1889 151.
611 1813 800 1892 Medusa
833 1814 1000 1919 Gorgo.

252 1939 392 2010 Medusa
411 1941 529 2031 Gorgo
555 1964 652 2031 quum
674 1957 805 2048 propter
832 1941 1094 2034 pulchritudinem
1116 1967 1137 2011 a
1160 1944 1302 2033 pluribus

167 2039 349 2120 peteretur,
386 2029 570 2180 eonjuffium
600 2029 743 2116 Neptunr
771 2031 917 2118 effugere
945 2053 1009 2098 uon
1039 2029 1154 2118 potuit
1210 2026 1305 2106 Quae
1380 2053 1381 2102 ς

124 2115 317 2204 „quoniam
343 2114 377 2184 in
404 2125 522 2206 tempo
551 2113 714 2183 Minervae
743 2138 816 2182 cum
845 2139 886 2182 oo
915 2137 983 2184 rem
1010 2114 1137 2196 habuit,
1170 2129 1303 2205 propter

167 2201 356 2288 religionem
384 2197 464 2285 loci,
494 2222 589 2290 quem
616 2201 806 2290 inquinavit,
839 2201 942 2270 crines
968 2201 1036 2292 ejus
1064 2203 1106 2268 ab
1129 2201 1243 2284 eadem
1269 2203 1304 2267 in

69 2285 75 2300 ’
168 2299 333 2374 serpentes
367 2299 442 2374 sunt
470 2287 601 2369 mutati,
642 2299 698 2368 ut,
737 2309 835 2378 quum
868 2287 970 2376 petita
1000 2288 1032 2352 iu
1067 2286 1251 2377 conjugium
1283 2309 1305 2354 a

167 2372 310 2462 pluribus
337 2371 444 2461 procis
472 2384 575 2455 osset,
602 2371 731 2464 objecta
751 2372 971 2452 deformitate,
1000 2372 1110 2441 obvios
1136 2374 1169 2439 in
1191 2372 1305 2461 lugam

167 2467 314 2526 verteret
1077 2487 1080 2496 ’

67 2625 70 2636 ι
123 2601 173 2704 ao,
486 2593 579 2672 152.
633 2597 749 2673 Tres
784 2595 983 2674 Gratiae.

253 2723 401 2814 luppiter
420 2733 487 2792 tres
507 2722 589 2790 filias
609 2722 787 2791 habuisse!
831 2723 896 2792 'tur
913 2747 986 2794 oum
1001 2725 1144 2807 lunone,
1166 2722 1304 2792 tumulas
1378 2733 1379 2748 ¹

167 2808 323 2892 Veneris3
357 2831 491 2913 quafum
520 2809 648 2877 nomina
674 2809 772 2892 suutt'
826 2810 967 2917 osithae,
994 2810 1305 2913 Aglaie,·Euphro-

168 2917 295 3050 affin,
308 2897 354 2964 Et
380 2918 456 2986 quta
484 2893 620 2966 blandae
647 2908 739 2965 eraut
765 2907 801 2965 et
820 2900 930 2984 mites,
958 2895 1033 2968 adeo
1050 2897 1184 2965 Grauae
1209 2918 1303 2963 voca-

125 3161 165 3211 so
343 3136 436 3214 155.
489 3141 757 3219 Lemniades
789 3152 831 3216 et
863 3139 1136 3246 Hypsipyle,

254 3249 448 3339 Lemniades
480 3293 578 3360 quum
610 3269 671 3338 diis
704 3270 851 3337 omuibus
883 3267 1023 3358 decimas
1055 3267 1185 3354 frugum
1214 3263 1307 3331 annis

114 3401 116 3412 ι
169 3357 303 3445 singulis
336 3355 513 3432 solverent,
553 3355 652 3422 solam
690 3357 849 3440 Venerem
888 3349 1199 3440 praetermittendam
1231 3372 1308 3416 esse

170 3443 327 3512 dixerunt.
376 3444 470 3518 Quae
495 3441 576 3509 irata
607 3441 654 3508 his
685 3439 820 3508 odorem,
846 3439 972 3506 immisit
998 3438 1167 3505 hircinum}
1213 3435 1307 3509 Quas

170 3530 274 3596 mariti
295 3540 519 3608 exsecrantes,
548 3526 675 3598 deserta
697 3527 820 3594 Lemno
841 3524 916 3593 odio
938 3525 1128 3616 conjugum,
1156 3521 1308 3588 'I'hracas
1375 3551 1376 3558 ¹

128 3616 365 3703 adpetiverunt,
406 3635 580 3702 eorumque
612 3613 691 3680 filias
725 3613 784 3681 sibi
815 3613 956 3679 ascivere
990 3610 1150 3701 conjugio.
1207 3604 1308 3681 Quod

171 3700 225 3766 ubi
245 3700 473 3768 Lemniadibus
496 3711 695 3788 compertum
716 3710 780 3778 est,
802 3697 982 3765 stimulante
996 3697 1140 3774 Venere,
1160 3692 1194 3759 iu
1212 3714 1309 3758 omne

45 3809 47 3818 ¹
170 3807 277 3874 genus
298 3785 383 3852 virile
405 3785 587 3863 con‘urant,
613 3798 790 3851 remeantes
814 3807 854 3849 ue
876 3805 915 3850 ex
931 3782 1072 3868 'l'hraeia
1092 3783 1175 3848 viros
1196 3801 1309 3845 omnes

170 3873 406 3941 interemerunt
448 3811 536 3938 ilnter
580 3891 637 3937 uas
656 3807 836 3960 Hypsiplle
861 3869 945 3958 patri
967 3868 1110 3935 'l'ltoauti
1136 3864 1205 3933 sela
1231 3866 1310 3930 sub·
1374 3881 1375 3898 ¹

171 3959 276 4038 venit,
317 3968 354 4023 ut
381 3957 411 4022 ei
439 3979 504 4022 nou
533 3893 633 4022 sdlum
663 3967 828 4043 parceret,
864 3976 974 4022 verum
1003 3953 1098 4022 Mam
1130 3951 1310 4040 fugientem
1374 3923 1375 3993 l

129 4041 483 4192 euprosepperetnr'ad
506 4039 588 4110 litus.
631 4041 728 4108 'func
747 4039 889 4109 'l'hoanti
909 4037 1190 4117 Liberoecurrit,
1217 4057 1310 4102 euru-

172 4151 268 4214 quea
306 4127 438 4194 insulam
454 4127 729 4214 Chionprospera
745 4127 946 4210 navigatione
964 4123 1119 4213 perduxit
1161 4123 1311 4188 Lemnon

171 4220 378 4302 Argonautae
404 4225 573 4294 venerunt,
604 4223 684 4301 quos
709 4211 900 4322 Lemniades
929 4209 1064 4302 hospitio
1091 4209 1310 4298 suscipientes,

514 4491 520 4528 l
