2698 4804
484 12 636 74 ,ψ’

313 155 512 325 'nynoga
535 165 633 306 ἰιι-
672 165 739 304 o(
768 215 804 292 n.
1055 219 1136 332 ars

107 401 140 466 Si
155 405 264 489 putuit
285 425 404 469 munes
417 385 602 492 ⁷aroeasere
616 404 776 492 corrjugie
797 406 975 496 Orpheus<
1001 479 1004 486 ,
1037 391 1065 451 ,⁴

40 484 180 552 incessere
197 491 294 570 enim,
316 489 443 576 inquil,
472 490 600 586 proprie
621 491 780 590 erocantis
801 504 858 560 est.
1104 497 1112 504 ”

101 599 154 664 ἳῖ..
186 601 249 667 Sed
271 599 311 668 ad
333 601 441 668 Musas
460 623 669 670 recurramus.
712 601 821 669 Musas
844 627 916 670 esse
944 610 1133 684 concentum

35 681 123 747 nundi
149 686 237 752 etiam
269 688 380 753 rustici
415 687 500 775 apud
536 683 680 776 antiquos
711 698 947 775 cognoverunt,
991 688 1044 776 qui
1078 705 1133 753 eas

35 767 167 836 Camenas
188 774 274 858 quasi
299 773 456 838 Camenas
486 795 506 839 a
534 772 687 859 canendo
716 772 870 856 dixerunt.
896 797 899 805 ’
930 772 1012 846 Quia
1040 774 1165 838 etiams

33 851 134 919 caelum
152 855 289 944 theologi
313 879 429 922 canere
450 859 712 945 comprobarunt,
724 882 882 948 sonosque
903 857 1039 924 musicos
1062 879 1136 923 cae-

33 933 135 1004 lestium
151 945 307 1009 sacrificiis
329 941 551 1023 adhibuerunt,
571 943 732 1030 quiapnd
753 945 913 1034 alioslyra
936 941 985 1006 nel
1004 941 1135 1024 cithara,
1249 985 1250 990 κ

32 1021 99 1104 apud
119 1029 274 1094 nonnullos
301 1027 383 1094 tibiis
415 1027 520 1095 aliisve
540 1027 666 1093 musicis
689 1032 920 1100 exercebantur
947 1028 1136 1110 instrumen-
1176 1100 1183 1108 ,
1223 1081 1226 1086 .

31 1105 75 1170 tis:
101 1109 294 1202 Sanemoys
317 1113 444 1179 Graece
463 1136 556 1202 aqua
577 1112 709 1194 elicitum
729 1115 804 1182 inde
816 1116 909 1180 Musa
923 1113 1013 1200 quasi
1026 1135 1140 1199 aqua·
1239 1166 1244 1176 „

32 1190 95 1256 tica.
141 1199 200 1263 Aer
235 1198 318 1265 enim
349 1221 407 1287 per
436 1197 568 1266 arterias
596 1201 736 1266 canentis
773 1199 962 1289 egrediens,
1002 1197 1178 1262 humorelo

32 1279 203 1424 tapergitur,
244 1307 305 1350 nec
334 1293 483 1394 umquam
501 1305 571 1434 Xer
604 1287 748 1436 gutturis
763 1286 897 1354 fistulam
918 1281 975 1350 nisi
997 1282 1137 1349 lmmoris
1195 1363 1200 1372 ι

31 1366 160 1448 anatona
200 1370 335 1435 canitur.
392 1376 498 1435 becun
525 1391 575 1434 um
638 1393 783 1437 arronem
816 1372 909 1438 etiarn
945 1369 1035 1455 ipsae
1063 1376 1137 1433 sunt

30 1443 226 1546 Musae-quae
250 1466 291 1520 et
314 1453 507 1543 ·Nymphae;
544 1474 622 1533 nec,
657 1469 693 1523 ut
722 1457 767 1523 ait
784 1454 942 1533 Servius,
972 1451 1137 1518 immerito.
1234 1470 1239 1496 t

31 1527 93 1626 llam
116 1558 229 1625 aquae,
262 1540 383 1627 inquit,
413 1562 509 1606 sonus
529 1539 672 1620 musicen
700 1543 816 1623 officit,
848 1542 933 1608 utin
955 1537 1135 1626 hydrauliis,

31 1611 53 1675 ul
77 1630 118 1685 est
144 1623 301 1711 aquaticis
333 1626 479 1711 organis,
508 1623 656 1692 videmus.
712 1626 802 1694 Idem
824 1628 919 1692 etiarn
947 1624 1050 1690 Varro
1072 1635 1135 1690 tres
1146 1641 1178 1689 to
1231 1663 1233 1668 ·

31 1708 126 1772 tantum
158 1732 228 1776 esse
268 1711 379 1776 Musas
415 1724 655 1790 commemorat,
690 1735 803 1793 unam,
839 1735 923 1800 quae
959 1731 999 1774 ex
1033 1729 1137 1796 aquae
1266 1722 1267 1730 ’

29 1789 141 1883 nascitur
162 1810 272 1874 motu;
306 1796 453 1875 alteram,
484 1818 588 1883 quam·
608 1797 688 1862 aeris
710 1799 763 1866 icti
791 1797 890 1864 eflicit
919 1816 1035 1876 sonus;
1073 1805 1138 1860 ter-

29 1879 100 1967 itum,
125 1901 204 1966 qnae
227 1902 320 1952 ruera
343 1887 566 1947 tantiam‘voce
587 1883 737 1949 consistit.
789 1885 914 1950 Harum
936 1901 1041 1946 rerum
1064 1877 1139 1946 cali-

28 1974 133 2100 imm
153 1987 216 2052 ego
246 1964 441 2033 diversitates
462 1987 533 2032 meo
567 1989 699 2034 censens
720 1969 849 2056 ingenio
871 1987 1041 2044 nonnosus,
1070 1963 1142 2032 aliis
1219 1977 1224 1995 ‘

44 2047 230 2130 nscutiendas,
277 2073 416 2139 sanaque
450 2052 712 2138 interpretatione
745 2052 950 2120 elucidandas
982 2071 1181 2136 proponomo
1252 2131 1255 2148 Ι

29 2133 122 2196 nevel
155 2158 350 2224 magnorum
389 2136 627 2212 auctoritatibus
664 2139 800 2223 parvitas
836 2160 915 2206 mea,
944 2135 1138 2218 refragetur,

28 2212 281 2371 vlltafocllphas
309 2225 458 2310 proruens
487 2221 688 2302 traditiones,
725 2220 928 2309 intelligendo
959 2219 1073 2285 faciam
1104 2231 1140 2286 ut

27 2313 73 2361 nnn
97 2317 155 2373 mte
175 2329 276 2396 rgarn.
361 2384 363 2388 ,
835 2349 838 2354 -

388 2490 430 2566 9.
490 2495 760 2578 Mercurius.
837 2532 839 2540 ·

91 2623 116 2690 1.
137 2625 328 2696 Secundum
342 2627 429 2696 Jovis
449 2628 545 2698 lilium
566 2631 759 2697 Mercurium
781 2628 896 2708 volunt,
917 2625 1070 2717 sermonis
1092 2624 1177 2696 vt-aa

24 2699 117 2776 delicet
132 2724 164 2779 et
178 2713 383 2800 eloquentiae
395 2712 500 2782 deum.
544 2711 641 2782 Hunc
656 2714 807 2781 medium
824 2723 1030 2784 currentem.
1049 2709 1139 2800 quod

22 2811 108 2858 sermo
125 2798 214 2867 inter*
247 2800 328 2866 duos
357 2799 489 2878 seritur,
523 2799 571 2866 vel
599 2811 830 2864 mercatorum
859 2794 990 2884 aduror,
1024 2796 1058 2862 id
1090 2808 1140 2864 est

22 2872 195 2966 danninum,
233 2884 286 2950 nel
305 2884 479 2956 secundum
509 2884 715 2971 Fulgentium
745 2905 873 2948 merces
894 2892 1074 2948 curantem
1092 2882 1140 2946 in·
1171 2894 1178 2904 '

21 2967 224 3049 terpretaatar.
271 2971 408 3036 Praeest
427 2970 509 3035 enim
525 2968 764 3058 mercatoribus,
786 2960 867 3035 inter
887 2990 967 3056 quos
988 2968 1140 3034 sermonis

22 3042 103 3134 virtus
130 3066 163 3122 et
191 3054 320 3124 cautela
346 3054 481 3122 maxime
513 3056 608 3144 viget.
664 3053 790 3118 Dicitur
811 3054 842 3120 in
870 3051 1013 3119 Arcadia.
1034 3064 1181 3133 natus,ao

20 3133 92 3214 quod
117 3138 199 3207 lnaeo
227 3140 323 3226 regio
375 3140 542 3229 raecipue,
584 3150 621 3208 ut
647 3138 691 3205 ait
723 3138 908 3227 Remigius,
942 3137 1140 3226 eloquentiae

9 3217 131 3308 studuit.
186 3227 318 3308 Dicitur
349 3165 483 3292 deorum
507 3224 624 3313 nuptiis
641 3224 813 3303 interesse,
845 3222 932 3313 quod
963 3223 996 3288 in
1025 3224 1139 3311 nuptiis

19 3319 108 3374 senno
121 3310 301 3400 ‚plurimum
329 3309 420 3378 valet.
481 3311 542 3378 Ibi¹
558 3309 640 3376 enim
672 3310 862 3377 internuntia
896 3308 943 3374 vel
970 3308 1140 3390 missatica,

17 3397 45 3451 et
61 3387 89 3454 id
113 3417 220 3482 genus
241 3395 376 3486 plurima
389 3395 578 3466 discurrunt.
619 3394 745 3461 Dicitur
757 3406 829 3484 post
842 3394 1012 3482 Apollinem
1029 3405 1140 3475 natus;
1186 3414 1190 3420 ·

17 3471 92 3556 prius
111 3483 196 3550 enim
231 3480 319 3571 apud
348 3506 383 3550 sa
406 3483 506 3552 ientes
534 3480 712 3562 consilium,
755 3481 842 3569 quod
870 3501 929 3568 per
956 3478 1181 3566 Apollinemao

17 3556 98 3628 deum
137 3567 333 3656 sapientiae,
377 3505 583 3655 designatur,
618 3567 650 3632 in
677 3565 814 3654 'qualibet
841 3587 885 3654 »re
922 3566 1140 3650 excogitatum
1212 3573 1218 3587 '

19 3639 120 3715 deinde
140 3673 310 3733 sermone,
336 3654 390 3742 qui
413 3677 470 3743 per
489 3653 683 3720 Mercurium
712 3651 911 3754 intelligitur,
970 3650 1032 3714 uod
1067 3672 1140 3738 pro-

14 3728 113 3802 visum.
130 3739 242 3808 fuerit.
264 3738 458 3807 enuntiatum·
494 3738 606 3826 Fingit
637 3741 709 3804 eum
732 3737 907 3804 Martianus
929 3673 1141 3822 Plnilologiam

15 3834 132 3887 morem
167 3823 319 3908 duxisse,
355 3825 448 3912 eique
467 3823 529 3892 VH
553 3835 637 3890 artes
665 3821 809 3891 liberales
843 3823 875 3888 in
902 3819 1009 3888 dotem
1029 3833 1141 3888 contu·

11 3893 82 3970 lisse.
125 3907 312 3996 Philotogia
332 3911 431 3998 igitur
451 3909 609 3974 studium
631 3907 678 3972 vel
697 3929 795 3972 umor·
817 3905 967 3972 rationis
986 3907 1183 3994 interlito-4⁰

12 3995 105 4085 tatnr3
127 3987 133 4000 ’
162 3995 274 4062 unitur
294 4008 400 4065 autem
421 3997 452 4062 in
474 4016 611 4082 persona
637 3992 782 4066 rationis,
814 3990 991 4092 Mercurius
1013 3992 1088 4057 ns'ro
1108 3992 1160 4083 ln¹

11 4017 206 4146 similitudine
230 4077 399 4146 facundiae
419 4095 451 4148 et
481 4078 643 4146 sermonis.
698 4077 804 4153 Quum
834 4097 921 4164 ergo·
942 4097 972 4141 m
1002 4100 1036 4164 pa
1059 4077 1143 4146 iente

11 4153 82 4228 haec
103 4163 420 4248 duo-convenerint,
452 4177 484 4233 et
505 4187 639 4250 acumen
662 4161 804 4230 videlicet
825 4161 953 4230 rationis
973 4174 1006 4234 et
1032 4101 1058 4226 p
1079 4233 1088 4258 x

12 4239 56 4312 tlia
90 4250 273 4333 sermonis,
313 4264 389 4322 tunc
421 4247 656 4342 quodammodo
689 4249 866 4344 Mercurius
901 4257 934 4318 et
965 4248 1143 4337 Philologia

1045 4163 1142 4230 acun4
1235 4183 1240 4194 ·
