2786 4800
338 175 554 280 ‘mpnap
579 177 612 250 1.
669 171 875 251 nr--ra
993 119 995 128 ¹
1062 209 1064 215 ,
1141 117 1197 254 'ur

99 383 160 429 cuc.
197 360 412 434 Descendens
443 361 541 452 igitur
571 361 626 432 ad·
642 361 781 444 interos,
812 356 852 429 ¹in
880 363 1111 436 miserationem
1141 389 1198 434 cos

96 461 168 516 cantu
191 471 247 514 suc
267 449 432 538 compulit;
470 457 665 538 acceptaque
686 447 780 534 lege,
807 449 986 538 impetravit
1013 451 1198 542 Eurydicen

94 535 126 600 ita
144 533 278 613 demum,
304 534 333 602 si
358 557 420 600 non
446 546 520 601 ante
549 533 758 622 respexisset,
784 556 880 621 quam
905 537 948 602 ad
971 559 1103 626 superos
1125 535 1198 627 per-

33 629 35 640 ’
92 619 196 688 reniret
243 617 386 701 Deinde,
415 630 449 686 ut
473 631 522 687 cst
549 616 630 684 dura
656 619 827 686 amantium
850 624 1103 722 perseverantia,
1132 624 1196 689 Or-

91 705 187 792 pheus,
212 706 341 787 timens,
367 727 409 796 ne
429 725 494 770 non
513 705 633 773 inesset
652 703 796 793 pollicitis
818 703 905 780 Drtis,
920 707 1019 788 fides,
1047 711 1220 798 respexits

92 802 117 856 ct
131 791 242 859 irritum
256 790 341 859 'lecit
361 793 452 859 suum
472 789 623 856 laborem'.
665 791 825 856 Reversus
848 791 963 858 deinde
985 790 1027 860 ad
1053 807 1212 884 superus,

90 875 132 962 qui
157 899 261 963 parum
287 899 457 968 prosperas
485 886 634 962 expertus
662 886 732 943 erat
760 877 904 964 nuptias,
944 875 1076 967 perosus
1104 903 1198 948 omne

89 982 171 1046 genus
190 961 376 1040 femineum,
406 959 625 1030 solitudinibus
652 984 688 1034 se
710 959 806 1029 dedit.

332 1127 409 1202 77.·
454 1127 621 1204 Castor
658 1141 701 1203 et
736 1093 921 1209 Pollux,
1015 1153 1044 1234 J

156 1275 267 1344 Castor
297 1285 333 1343 et
362 1273 477 1342 Pollux
509 1273 596 1342 Joris
631 1285 665 1342 et
696 1272 810 1340 Ledae
844 1273 897 1339 tilii
932 1271 1069 1358 luerunt.
1131 1273 1194 1348 Qui
1204 1292 1239 1345 tu

113 1379 166 1428 uun
188 1360 392 1433 adamassem
404 1359 569 1427 Phoeben
596 1373 629 1427 et
649 1357 820 1437 Dianisam,
844 1358 1001 1447 conjuges
1022 1357 1053 1425 L
1074 1359 1145 1423 uoci
1167 1373 1200 1428 ct

113 1443 169 1527 dac,
203 1445 342 1550 Apharei
360 1445 530 1526 filiorum,
573 1455 606 1514 et
635 1446 748 1512 vellent
778 1467 833 1512 eas
864 1465 997 1532 rapere,
1069 1467 1200 1533 ynceus,

100 1532 174 1598 onnia
196 1556 246 1600 cur
270 1530 400 1600 videndi
422 1542 563 1618 potestas
585 1543 672 1611 erat,
704 1531 795 1596 Idam
821 1529 950 1598 fratrem
976 1529 1008 1614 in
1029 1529 1200 1614 uindictam

97 1618 248 1701 concitavit,
282 1609 338 1707 q'n
362 1617 460 1686 telum
480 1617 636 1695 habebat,
665 1615 752 1767 ‹puod
778 1615 871 1682 divini
895 1615 1198 1684 telisimilitudinem

95 1705 218 1788 gerebat,
238 1705 288 1771 ita
308 1714 346 1771 nt
365 1701 466 1782 nullus
487 1711 599 1790 posset
618 1701 670 1768 illu
715 1699 860 1767 evadere.
902 1701 950 1768 Ita
975 1724 1016 1766 ue
1035 1724 1074 1766 eo
1092 1701 1240 1782 misso‚15

94 1785 222 1860 intersedit
243 1789 424 1856 Castorem.
469 1789 640 1875 Quumque
660 1787 726 1878 jum
747 1785 909 1852 Pollucem
931 1724 1021 1853 vdllet
1042 1787 1201 1867 occidere,

93 1873 367 1942 altorerulmtne
393 1885 654 1963 percussusest
687 1873 818 1956 ,Pollux
847 1894 940 1950 vero,
972 1872 1081 1940 videns
1100 1887 1203 1956 ,suum
1267 1881 1298 1906 ¹*

93 1955 197 2028 fratrem
224 1965 406 2040 mortuum,
444 1957 486 2025 ad
514 1955 633 2024 inlelos
662 1957 837 2025 descendit
888 1955 969 2025 Inde
1001 1981 1074 2024 cum
1104 1957 1204 2026 fratre

92 2058 198 2132 recepto
223 2043 266 2114 ad
289 2038 435 2133 'superos
464 2045 578 2123 erasit,
612 2058 645 2112 et
674 2045 787 2111 Jovem
817 2045 933 2122 oravit,
970 2053 1005 2110 ut
1033 2042 1201 2118 caelestem

94 2125 217 2198 bonorem
244 2131 311 2200 sibi
338 2130 510 2204 traderet.¹
540 2127 620 2194 lude
644 2131 738 2198 inter,
756 2141 841 2196 astra
873 2127 1018 2195 collocati
1046 2141 1137 2212 sunt,
1169 2141 1245 2222 etto

96 2214 232 2286 caelestem
256 2219 414 2284 honorem
436 2216 622 2282 babuerunt.
699 2261 719 2290 2,
1032 2224 1033 2232 ’

258 2417 260 2420 ·
340 2325 428 2456 'iiii
479 2313 741 2486 Gpgnuset
776 2383 912 2458 Leda.
975 2317 980 2336 δ

154 2530 316 2622 iuppiter,
357 2549 497 2596 amorem
525 2527 639 2596 Ledae
667 2527 795 2616 virginis
825 2529 996 2602 affectans,
1032 2535 1204 2595 conversus

90 2612 114 2678 iu
129 2637 273 2705 cygnum,
293 2615 383 2684 finxit
403 2636 440 2682 sc
461 2613 576 2700 sugere
597 2614 750 2704 aquilum
780 2613 838 2680 sed
849 2614 1042 2681 Mercurium
1062 2615 1095 2682 iu
1116 2614 1203 2703 aqui·
1320 2615 1322 2620 ’

89 2697 138 2766 lam
162 2700 387 2773 transmutavit.
437 2698 494 2766 Sic
519 2700 551 2766 in
577 2703 701 2790 gremio
728 2699 841 2766 Ledae
866 2713 1033 2788 receptus3
1065 2721 1137 2766 cum
1166 2721 1247 2772 caes

90 2806 142 2850 rem
161 2789 284 2866 habuit,
329 2809 391 2854 uae
408 2783 532 2872 peperit
552 2809 665 2869 ovum,
689 2787 776 2852 unde
794 2786 860 2854 nati
881 2798 956 2856 sunt
972 2799 1056 2870 tres,
1077 2787 1205 2867 Castor,
1230 2853 1233 2858 .

89 2868 183 2942 Pollux
205 2890 236 2945 et
259 2811 395 2942 Helena

509 2989 575 3112 79.
628 3029 763 3140 Apis.

159 3191 274 3258 Refert
297 3147 444 3267 Solinus,
468 3152 554 3274 quod
576 3185 656 3252 inter
677 3185 797 3264 omnia,
821 3177 1092 3338 ‹puae'Aegyptus
1109 3154 1229 3268 digna?

90 3291 248 3360 memoratu
281 3277 400 3355 habet,
464 3271 615 3359 raecipuc
648 3273 799 3339 mirentur
852 3295 963 3364 orem,
1004 3293 1099 3362 quern
1127 3266 1250 3362 Apinau

92 3374 204 3446 rorant,
236 3364 395 3449 insignem
426 3294 517 3425 albae
546 3356 688 3439 inaculae
719 3371 810 3437 nota,
866 3382 946 3440 uae,
977 3355 1089 3450 dextrp
1117 3352 1208 3428 lateri
1295 3423 1296 3427 Ἰ

95 3443 150 3530 ejus
173 3450 332 3536 ingenita,
360 3443 461 3510 refert
489 3442 701 3514 corniculatae
728 3443 822 3536 lunae
843 3383 970 3510 laciem.
1021 3442 1119 3508 Hunc
1147 3441 1234 3506 Ae..

93 3543 192 3676 pyptus
206 3535 256 3600 'ad
278 3534 377 3600 instar
399 3529 530 3595 numinis
552 3527 643 3607 colit,
671 3553 711 3594 eo
734 3530 818 3617 quud
842 3529 884 3597 de
906 3529 1017 3596 suturis
1039 3529 1093 3592 det
1111 3547 1209 3612 quae-

112 3619 341 3685 am'manifcsta
361 3615 461 3702 signa.
505 3618 644 3704 Apparet
665 3628 770 3682 autem
793 3617 953 3704 Memphi,
982 3613 1034 3677 cui
1058 3623 1234 3678 statutum*

94 3699 161 3768 vitae
180 3706 324 3793 spatium,
341 3714 408 3784 est;
433 3723 519 3790 nam(
529 3723 651 3768 mersus
671 3701 829 3790 profundo
849 3705 934 3780 ¹sauri
955 3697 1056 3764 sontis,
1068 3707 1251 3778 necatur,³5

95 3804 125 3848 ne
148 3789 229 3857 diem
247 3789 392 3877 longius
414 3788 536 3868 trahat,
568 3805 662 3876 quam
681 3787 804 3876 ,licebit
855 3789 931 3854 Mox
954 3783 1033 3849 alter
1054 3799 1116 3849 non
1142 3783 1237 3866 sinc¹
1359 3829 1360 3832 ,

60 3869 62 3878 ⁴
95 3873 203 4019 ppblico
244 3875 331 3943 luctu
357 3871 544 3958 requiritur.
605 3872 704 3940 Hunc
740 3875 856 3942 etenim
892 3880 1020 3938 centnm
1057 3871 1210 3972 antistites

122 3962 239 4050 emphin
265 3967 512 4048 prosequantur,
543 3968 576 4024 et
602 3972 754 4044 repente,
784 3959 868 4025 velut
892 3956 1091 4048 lymphatici,
1104 3978 1211 4061 'prae-

99 4126 117 4189 d
136 4131 174 4198 dc
203 4133 324 4200 clientis
352 4147 447 4196 manu
472 4132 580 4196 cibum
602 4133 719 4220 capiat
768 4130 873 4219 Hujus
904 4123 1027 4245 capitis?
1042 4128 1211 4216 imaginem
1219 4144 1255 4194 tu
1359 4185 1360 4188 ,

97 4210 140 4280 sibi
159 4218 191 4284 iu
216 4219 325 4288 erenrb
345 4207 460 4282 Judaei
486 4216 639 4282 lecerunt

99 4059 193 4115 ouant.
238 4045 305 4113 Dat
325 4043 429 4112 omina
449 4043 681 4110 manifestantia
700 4045 742 4113 dc
761 4044 885 4110 suturis.
926 4041 1009 4108 titud
1025 4055 1235 4119 'maxumump
1359 4049 1360 4080 ³
