2786 4800
377 197 560 316 upum:
589 215 624 287 1.
677 211 933 290 rus-..rso
1136 169 1232 310 fus·

86 402 287 469 inhonorem
305 401 394 468 J'ovis
407 401 574 490 Olympici,
602 400 635 466 id
652 410 701 468 est
719 400 879 481 eoelestis:
898 403 952 492 qui
968 387 1071 472 diulus
1083 403 1227 494 Olympi·
1342 393 1346 400 ⁸

6 569 7 572 Ἴ
86 511 142 554 eus
157 489 201 553 ab
213 486 353 576 Olympo
365 498 482 568 monte,
497 489 550 552 ubi
567 486 741 566 colebatur,
755 498 794 553 et
805 496 920 576 politae
937 513 995 580 pro
1007 489 1097 556 eaelo
1108 513 1229 578 ponere

83 576 206 652 solent3
239 586 288 640 est
315 574 398 638 enim
428 574 526 638 mirae
553 571 729 656 altitudinis.
780 573 820 638 In
846 575 896 640 illa
925 588 1031 644 autem
1059 577 1229 642 festivitate

81 661 192 726 omnia
215 679 338 744 genera
358 657 502 724 ludorum
525 659 793 744 certaminumque
814 663 1055 739 exercebantur,
1080 661 1226 742 diversis-

81 769 150 832 que
173 744 278 809 modis
299 745 342 809 ibi
364 747 549 810 currebatur
571 756 636 811 tam
666 753 762 812 cursu
792 744 925 831 pedum,
952 771 1046 834 quom
1078 748 1166 833 equis
1194 758 1251 814 ets

81 830 256 908 curribus;
286 841 319 896 et
339 830 472 895 termino
516 829 614 908 osito,
646 828 687 896 ad
712 851 805 918 quem
834 845 1017 912 currerent,
1046 853 1118 899 mox
1138 844 1225 899 retro

80 937 142 984 seu
165 917 199 981 in
222 913 316 982 aliam
335 928 455 1003 partem
475 853 657 982 llbctebaut.
1237 947 1239 951 ·

482 1084 575 1160 195.
631 1087 829 1194 Tiberis.

171 1213 304 1282 Tiberis
325 1215 506 1282 Tuscorum
528 1237 583 1280 rex
609 1213 688 1297 luit,
703 1215 755 1304 qui
776 1213 1119 1318 juxtabunclluvium
1141 1215 1224 1287 c'eoi-

89 1301 156 1380 dit,
175 1313 206 1368 et
228 1302 258 1365 ei
283 1324 397 1366 nornen
418 1300 567 1388 imposuit
585 1300 701 1367 Tibris.
732 1301 789 1369 dli1
804 1301 920 1380 volunt,
940 1305 1034 1369 istum
1053 1306 1155 1391 ipsum
1173 1329 1268 1378 re-1o

93 1408 169 1472 gem
186 1387 407 1455 latrocinatum
430 1411 502 1452 csse
526 1386 612 1450 circa
632 1387 725 1475 hujus
745 1387 883 1453 fluminis
895 1389 990 1474 ripas,
1013 1398 1044 1455 et
1058 1389 1225 1456 transeun-
1303 1417 1306 1426 ¹

91 1474 173 1538 tibus
215 1475 346 1541 crebros
379 1471 507 1560 injurias
525 1471 694 1556 ‘intulisse;
733 1472 818 1538 unde
853 1469 978 1558 Tybris
1007 1475 1096 1575 quasi
1128 1474 1227 1562 ὕβρις

93 1557 192 1623 dictus
216 1569 284 1640 est,
313 1557 346 1622 id
369 1571 418 1624 est
440 1559 481 1624 ab
501 1557 623 1658 injuria.
664 1558 721 1625 Alii
743 1557 868 1634 volunt,
898 1579 953 1622 eor
979 1581 1034 1645 qur
1056 1557 1097 1624 de
1119 1561 1226 1627 Sicilia

90 1655 260 1722 venerunt,
296 1643 440 1709 Tiberim
473 1641 590 1724 dirusso
618 1640 657 1706 ad
691 1642 920 1711 similitudinem
951 1642 1056 1709 fossae
1082 1647 1225 1734 Syracu-

86 1749 202 1807 sanae,
237 1751 332 1814 quam
361 1729 506 1795 fecerunt
557 1748 591 1792 er
617 1727 760 1818 injuriam
786 1728 869 1800 Afri,
903 1729 981 1798 item
1009 1730 1267 1810 Atlrenieuses,15

79 1815 174 1902 juxta
196 1813 329 1896 civitatis
350 1837 484 1898 murum.
528 1752 636 1880 bivios
657 1813 748 1892 dicit,
765 1815 805 1880 ab
829 1813 948 1878 Albano
967 1837 1050 1901 rege
1071 1817 1225 1884 Tiberino

84 1900 201 1964 Tibrin
235 1899 363 1964 dictum.
425 1898 492 1966 Sed
526 1921 587 1963 nou
621 1899 785 1986 procedit,
820 1899 894 1964 ideo
925 1900 1000 1988 quia
1028 1902 1121 1969 etiarn
1151 1918 1225 1971 aute

83 1985 199 2052 uttam
221 1985 330 2060 Tibris
351 1983 456 2054 dictus
476 1985 641 2070 iuvenitur.
1010 1992 1012 1998 ’
1327 1995 1329 2004 ’

369 2149 463 2254 194.
518 2149 740 2250 Gryneum'
771 2176 937 2225 nemus.

174 2281 338 2369 Gryneum
362 2273 470 2344 nemus
494 2289 543 2343 est
563 2277 732 2342 infinibus
753 2275 870 2356 Ioniis,
900 2277 1035 2365 Apollini
1055 2303 1267 2362 consecra-20
1311 2317 1313 2326 r

6 2393 7 2396 ¹
83 2377 174 2444 turn,
193 2366 225 2431 in
268 2389 310 2430 uo
332 2364 499 2452 aliquando
524 2361 662 2434 Calchas
686 2374 719 2428 et
735 2361 866 2451 Mopsus
884 2363 925 2426 de
942 2366 1052 2450 peritia
1066 2368 1225 2442 divinandi

82 2390 404 2528 dicuuturbabuisse
425 2450 507 2516 inter
532 2472 568 2514 se
589 2460 768 2519 conamen:
803 2460 835 2516 et
866 2471 962 2539 quum
989 2449 1031 2516 de
1059 2477 1241 2542 pomorum,

81 2537 254 2626 eujusdam
275 2537 396 2603 arboris
419 2533 648 2603 contenderent
674 2554 826 2615 numero,
858 2534 943 2600 stetit
973 2532 1076 2622 gloria
1103 2541 1230 2628 Mopsi;
1317 2559 1347 2608 ’,

83 2625 178 2712 cujus
201 2621 249 2686 rei
270 2621 381 2687 dolore
403 2621 540 2694 Calchas
562 2620 691 2686 interiit.
724 2621 801 2686 Hoc
820 2621 1033 2709 Euphorionis
1056 2627 1227 2701 concinunt

83 2708 241 2788 carmina,
263 2729 347 2796 quae
366 2707 476 2773 Gallus
495 2705 654 2784 transtulit
674 2707 706 2770 in
729 2726 907 2772 sermonem
928 2707 1088 2776 Latinum.
1128 2711 1267 2786 Undeus

81 2805 136 2862 est
160 2792 236 2858 illud
259 2793 291 2858 in
311 2795 382 2862 fine,
396 2791 535 2880 Virgilii,
560 2791 613 2856 ubi
635 2791 745 2856 Gallus
767 2790 920 2880 loquitur:
963 2791 1041 2873 Ibo,
1062 2807 1096 2860 et
1119 2794 1207 2862 (unu
1263 2817 1268 2822 ·

79 2879 197 2944 ciclico
232 2901 320 2966 ptrue
356 2891 443 2942 sorar
480 2873 568 2940 milri
608 2876 749 2940 condito
780 2898 883 2942 versu
915 2879 1086 2945 carmina.
1141 2882 1225 2948 Nam

80 2962 218 3031 Chalcis
242 2963 350 3030 civitas
371 2974 421 3030 est
441 2961 615 3040 Euboeae,
637 2958 679 3024 de
699 2971 763 3046 qua
786 2961 845 3027 soit
865 2961 1060 3050 Euphorion
1123 2979 1147 3058 J*

170 3167 172 3176 '
215 3135 312 3212 195.
364 3135 634 3210 Idomeneus
665 3113 742 3242 reri
774 3145 818 3208 et
850 3135 945 3235 ejus
974 3085 1094 3214 filia.

169 3264 381 3342 Idomeneus,
405 3245 460 3328 rex
484 3262 694 3343 Cretensium,
716 3250 814 3351 duum
833 3273 913 3351 post,
928 3285 1070 3335 eversam
1090 3267 1268 3359 Trojamtu

80 3363 315 3429 reverteretur,
351 3350 382 3413 io
404 3354 595 3437 tempestate
617 3349 760 3430 devovit,
789 3374 825 3418 se
838 3349 1096 3442 sacrificaturum
1117 3355 1160 3420 de
1181 3377 1227 3434 re,

86 3459 175 3524 quae
195 3437 222 3501 ei
243 3435 602 3524 primum-noeumisset.
654 3436 804 3524 Uontlgit
830 3436 949 3524 igitur,
983 3449 1019 3504 ut
1042 3440 1143 3525 prima
1163 3441 1227 3506 lilia

83 3523 116 3590 ei
147 3523 346 3600 occurreret}
371 3520 475 3594 Quam
506 3544 622 3614 quum,
656 3531 692 3587 ut
712 3521 763 3586 alii
783 3522 911 3602 dicunt,
944 3520 1158 3602 immolassetr
1192 3537 1253 3606 ut,
1348 3583 1351 3590 .
1386 3541 1387 3550 ’

82 3607 156 3688 alii,
185 3607 347 3677 immolare
367 3606 533 3688 voluisset3
561 3629 582 3672 a
605 3605 724 3689 civibus
746 3607 853 3694 pulsus
876 3601 998 3696 regno,
1022 3609 1225 3695 Sallentinum

6 3695 8 3702 ‘
80 3694 256 3762 Calabriae
276 3693 523 3790 promontorium
545 3693 665 3773 tenuit,
683 3692 774 3782 juxta
792 3690 880 3782 quod
893 3693 1042 3786 condidit¹
1057 3695 1223 3780 civitatem,
1232 3718 1268 3766 eo
1386 3701 1387 3788 J

79 3779 131 3847 Er
155 3779 371 3846 Sallentinos
392 3774 524 3880 obsedit
544 3776 658 3880 milite
678 3799 827 3866 compos.
1033 3847 1059 3868 .·
1104 3847 1110 3877 κ

288 3911 402 4040 9196.
456 3946 656 4024 Croesus
695 3977 776 4062 rex
813 3948 1001 4050 Lydiae.
1068 3945 1072 3952 ’
1107 4007 1110 4018 .

158 4075 334 4156 Croesus,
373 4097 430 4144 rex
466 4075 650 4167 Lydorum,
669 4073 853 4166 ‘aliquando
887 4095 909 4140 o
928 4079 1021 4164 *rege
1050 4075 1223 4146 Persarum

79 4163 175 4250 Cyro
197 4163 326 4264 captos,
348 4185 432 4251 rogo
453 4175 503 4229 est
523 4163 713 4252 suppositus.
745 4158 858 4228 Subito
875 4171 967 4262 tanta
985 4162 1224 4266 pluviagexortu

78 4260 154 4326 est,
181 4259 219 4313 ut
241 4269 325 4346 ignis
350 4251 605 4337 extingueretur,
634 4262 670 4320 et
689 4250 758 4336 ipso
776 4267 981 4324 oooasrooem
1002 4264 1155 4318 mvenrret
1176 4253 1266 4318 foro
