2716 4794
138 147 868 303 ‚smmmmm
1104 191 1186 284 m

376 381 475 455 llll:
525 374 740 482 Arnpcua'
766 411 855 457 rex.

129 513 289 613 Ampcus,
330 510 510 600 Bebryciae
542 533 618 590 rex,
661 509 804 601 Neptuni
842 525 875 582 ct
910 515 1052 607 lllclopes
1092 503 1184 602 libus,
1269 551 1275 565 ·

66 620 171 684 semper
191 620 224 662 nn
245 596 407 692 Bebrycio
429 613 559 661 nemore
586 595 715 663 insidias
737 603 864 664 secutus
885 615 971 675 erat,
1006 618 1040 670 nt
1062 603 1178 692 siquis

64 685 127 750 lorte
146 681 271 748 advena
289 682 362 747 illue
384 679 563 760 devenlret,
596 684 637 746 ab
667 704 706 748 eo
728 693 871 750 cestuum
899 680 1089 776 prolocatus
1111 713 1180 756 cer-

61 771 159 836 tamine
182 767 334 838 interiret.
378 767 475 842 Quod
498 789 594 854 quum
617 767 671 832 diu
691 767 753 856 jam
776 767 914 848 laceret,
944 772 1084 852 Polluci,
1106 797 1232 848 cumb,

61 855 237 941 Argonautis
253 853 441 944 Bebryciam
461 873 562 940 nuper
579 854 722 940 appulso,
744 875 916 941 provocans
931 877 1014 936 eum,
1040 881 1181 951 congre-

61 939 135 1006 ditur.
182 943 209 1008 A
231 961 294 1033 quo
312 940 425 1010 eodem
448 937 620 1009 certamine
641 951 809 1032 superatus
828 939 1023 1012 interficitur.

436 1107 527 1187 ldl.
582 1110 785 1186 Venus.

126 1239 263 1310 Venetis
302 1251 335 1308 et
363 1241 477 1309 Martis
508 1237 662 1310 adulterio
690 1261 710 1304 a
741 1237 818 1304 Sale
845 1237 974 1308 detecto
1008 1250 1178 1331 postquam

71 1325 208 1392 Vulcanus
239 1328 348 1393 ambos
381 1325 521 1406 inlecto
557 1325 675 1392 catenis
698 1323 907 1392 minutissimis
935 1325 966 1394 in
987 1324 1112 1394 Lemno
1131 1330 1223 1396 in-lo

69 1409 130 1492 mla,
161 1411 218 1477 ubi
249 1413 319 1498 ipse
351 1411 479 1490 colitur,
516 1411 627 1489 cinxit;
666 1433 762 1492 qrrum
792 1409 851 1478 diis
872 1413 1016 1480 omnibus
1038 1410 1180 1486 decimas

71 1495 172 1582 hugum
195 1499 284 1563 annis
304 1496 461 1564 solverent
477 1497 630 1584 singulis,
651 1495 750 1562 solam
771 1495 929 1570 Venerem
952 1497 1115 1580 mulieres,
1147 1499 1182 1568 iu

71 1579 199 1648 honorem
223 1584 353 1650 Vulcani
375 1584 417 1648 ob
440 1581 625 1670 adulterium
643 1579 847 1664 damnantes,
867 1581 1199 1670 praetermittendam.

71 1689 118 1732 esse
159 1669 318 1736 dixerunt
367 1669 460 1744 Quae
490 1667 572 1736 irata
608 1667 657 1734 his
692 1665 823 1750 odorem
856 1665 983 1736 immisit
1015 1669 1184 1744 hircinum..
1216 1735 1220 1740 .

70 1751 140 1819 Unde
161 1754 266 1838 mariti
286 1777 342 1821 eas
363 1767 582 1833 exsecrantes,
610 1752 736 1820 deserta
756 1751 880 1818 Lemno
902 1754 1073 1844 conjugum
1095 1753 1222 1840 odio,1s
1331 1757 1332 1765 '

68 1836 192 1906 lhracas
222 1841 419 1928 petiverunt,
451 1859 624 1926 eorumque
655 1838 714 1906 sibi
741 1837 820 1906 filias
851 1839 992 1908 ascivere
1021 1839 1181 1934 conjugio.

66 1923 142 1996 Quod
164 1925 219 2008 ubi
247 1925 474 2002 Lemniadibus
504 1935 712 2012 compertum.
735 1936 804 2004 est,
837 1924 1015 1994 stimulante
1044 1927 1183 2009 Venere,
1237 1958 1245 1969 ·

62 2007 86 2072 in
115 2033 207 2076 onrne
239 2032 343 2097 genus
376 2010 461 2076 virile
493 2011 673 2098 conjurant,
717 2023 894 2076 remeantes
919 2033 959 2076 ue
987 2035 1011 2098 e¹
1039 2007 1197 2082 Thracia.
1224 2067 1226 2072 ,
1335 2015 1336 2018 ’

63 2094 129 2162 viros
156 2115 266 2162 omnes
296 2096 486 2163 interimunt.
535 2097 623 2162 lnter
651 2117 735 2183 quae
757 2034 932 2196 Hypsipyle
959 2093 1044 2176 sala,
1077 2098 1177 2185 patris

63 2178 201 2248 Thoantis
230 2182 377 2262 miserta,
410 2203 473 2246 non
501 2181 601 2249 solum
623 2179 652 2244 ei
702 2191 837 2266 eperunt,
869 2201 976 2247 verum
1006 2176 1102 2248 etiam
1124 2181 1220 2262 lum

62 2265 185 2348 gientem
210 2266 252 2332 ad
279 2267 350 2336 litus
380 2277 550 2358 prosecuta
573 2277 630 2332 est.
709 2287 770 2330 unc
791 2263 933 2332 Thoanti
959 2263 1058 2331 Liber
1080 2267 1222 2354 (scili-¹
1335 2267 1336 2272 ’

63 2361 105 2418 cet
125 2365 213 2438 pater
235 2352 322 2444 ejus)
345 2352 501 2429 occurrit,
530 2371 666 2438 cumque
686 2347 881 2416 adinsulam
903 2349 1007 2416 Chion
1028 2373 1183 2442 prospera

29 2469 33 2476 ·
61 2438 251 2523 carrigatione
282 2437 437 2526 perduxit.
486 2438 632 2504 Lemnon
659 2438 866 2522 Argonautae
895 2444 1079 2519 venerunt,
1124 2461 1183 2508 uos

59 2520 240 2590 Lemniades
261 2524 466 2612 suscipientes
489 2523 625 2612 hospitio
648 2543 718 2586 cum
734 2523 782 2588 his
797 2523 1065 2590 concanbuerunt.¹
1124 2547 1182 2615 yp-

57 2607 149 2696 aipyle
168 2632 207 2676 ex
226 2610 341 2676 Iasone
362 2608 444 2676 dnos
467 2609 547 2676 filios
569 2607 755 2697 procreavit,
771 2608 919 2676 Euneum
933 2620 967 2676 et
983 2607 1217 2694 Thoantem„

58 2692 290 2766 Quumautem·
304 2699 510 2780 Argonautae
532 2694 669 2784 plurimis
697 2693 740 2760 ibi
775 2692 889 2763 diebus
916 2691 1036 2762 detenti
1063 2705 1182 2778 cuent,

57 2781 95 2841 ab
115 2780 255 2846 Hercule
275 2780 436 2870 objurgati
465 2775 686 2866 discesserunt.
736 2777 930 2858 Lemniades
958 2790 1065 2848 autem
1091 2793 1182 2870 post-

56 2885 145 2948 quam
163 2866 397 2947 intellexerunt,
429 2863 625 2954 Hypsipylen
646 2875 767 2951 patrem
787 2886 879 2930 suum
898 2886 1058 2947 servasse,
1084 2865 1182 2934 inter·

57 2949 148 3015 ficere
174 2975 245 3018 eam
275 2964 409 3018 conatae
436 2963 518 3018 sunt.
573 2948 630 3016 Illa
666 2945 742 3014 dum
776 2949 887 3038 sugit,
917 2972 937 3016 a
966 2949 1181 3040 praedonibus

59 3048 146 3120 capta
164 3038 194 3102 in
224 3037 380 3104 Nemeam
415 3033 582 3125 deportata
610 3047 675 3114 est,
718 3044 750 3101 et
779 3057 799 3100 a
829 3034 1007 3138 Lycurgo,
1039 3035 1225 3124 regionissn

58 3116 131 3186 ilius
160 3122 247 3210 regi,
285 3124 317 3188 in
346 3124 526 3193 servitutem
547 3120 709 3187 distracta.
760 3119 909 3208 Incupus
937 3121 1063 3192 servitio
1084 3141 1182 3209 quum

62 3202 148 3274 filium
169 3205 346 3297 Ophelten,
379 3210 434 3298 qui
466 3219 540 3296 post
566 3205 779 3296 Archemorus
810 3203 914 3276 dictus
935 3217 1002 3288 est,
1038 3205 1183 3288 nutriret,

62 3307 133 3370 puer
150 3291 287 3360 dracone
308 3293 407 3396 periit.
450 3295 523 3370 Qua
544 3292 684 3360 orbitate
700 3313 755 3357 rex
774 3290 891 3373 iratus,
912 3287 987 3357 dum
1008 3291 1040 3358 in
1062 3289 1184 3382 Hypsi·

64 3371 148 3458 pylen
162 3379 212 3466 jus
233 3379 361 3446 dommii
371 3377 465 3446 'vellet
486 3401 648 3452 exercere,
672 3399 805 3466 eamque
822 3377 885 3444 filio
899 3376 1026 3444 inferias
1047 3376 1182 3458 mittere,

64 3459 224 3547 prohibitus
245 3477 294 3534 est
315 3487 334 3530 a
358 3465 511 3546 Graecis,
545 3463 658 3551 quibus
679 3463 799 3536 fontem
830 3463 1021 3544 sitientibus,
1057 3462 1226 3538 interimis

63 3539 138 3610 dum¹
168 3574 247 3638 puer
283 3549 393 3639 periit,
438 3552 508 3639 ipsa
539 3549 784 3616 “demonstravit
840 3548 958 3614 Graeci
1002 3557 1107 3616 autem
1143 3569 1184 3616 ex

62 3647 204 3717 responso
223 3657 397 3723 accepere,
425 3659 478 3700 eos
498 3633 641 3700 minime
667 3633 818 3712 Thebas,
850 3633 920 3698 nisi
932 3629 1088 3719 placatis
1109 3631 1186 3700 Ar·
1251 3666 1253 3678 =

65 3713 200 3786 chemori
227 3719 409 3799 precibus,
438 3731 673 3808 perventuros.
723 3719 826 3794 Quam
856 3719 899 3784 ob
927 3734 1000 3800 rem,
1023 3716 1065 3784 illi
1091 3716 1184 3786 ludos

66 3795 202 3872 funebres
237 3805 457 3874 condiderunt.
514 3803 638 3878 Quibus
676 3803 758 3871 lnrlis
794 3801 987 3906 Hypsipyles
1026 3801 1092 3869 duo
1117 3802 1186 3893 lilii,

66 3895 135 4030 ppos
156 3913 194 3956 ex
215 3893 331 3958 Iasone
356 3891 486 3970 habuit,
519 3891 716 3969 intererunt,
744 3909 825 3976 quos
856 3888 984 3974 sugnens
1003 3887 1129 3976 rehquit
1148 3888 1225 3961 inan

92 3993 198 4056 emno;
230 3979 283 4066 qul
306 3989 340 4044 et
359 3976 432 4069 ipsi
447 3986 580 4044 matrem
607 3986 812 4062 quaerentes,
844 3971 1004 4040 currendo
1021 3973 1185 4045 ¹vicerunt.

66 4053 200 4126 Quorum
242 4061 380 4129 nomilia·
409 4083 528 4158 praeco
565 4081 661 4146 quum
700 4058 934 4148 pronuntiasset
979 4059 1118 4124 Iasonia
1149 4070 1186 4126 et

59 4135 268 4234 ‚Hypsipyles
279 4145 382 4234 filios
405 4167 486 4220 esse,
508 4156 609 4211 mater
630 4168 686 4212 eos
705 4145 865 4230 cognorit
907 4145 1013 4222 Quam
1035 4144 1186 4238 agnitam,

65 4237 186 4296 exorato
207 4252 401 4320 rege,·mox
421 4231 578 4300 hunnum
601 4231 804 4300 reduxerunt
1033 4259 1049 4278 ··
