2786 4800
380 143 584 294 ‹myri-offa.
606 191 647 268 ι.
698 189 903 266 ur--oa
1168 185 1219 265 tr

317 375 384 452 ct.
415 375 658 452 ¹Aruel'roe
689 389 733 452 et
766 343 983 454 Minerva.
1084 365 1088 372 ’

162 513 328 606 Arachne
341 510 474 606 Lydia,¹
493 510 635 582 Idmonis
656 524 693 593 ,et
713 513 882 604 Hippopes
908 510 988 592 filia,
1019 509 1125 584 studio
1145 509 1222 579 lani-

75 604 138 671 ficii
174 605 296 688 lamam
320 600 520 688 quaesieret3
576 620 715 687 cumque
730 612 887 670 ,materno
908 599 1061 668 industria
1089 612 1221 669 cunctus
1267 653 1269 658 ,

74 689 312 778 praecessisset
349 686 382 751 in
418 708 530 775 opere.
552 624 725 766 iaciendo,
771 685 858 753 lestis
890 684 1002 751 diebus
1037 685 1219 752 insolentius
1302 691 1303 700 ’

73 776 220 861 gloriata
250 784 317 852 est,
350 792 444 859 quam
471 770 642 852 mortalem„
666 771 829 850 decuerat·
877 770 962 846 Nau'r
989 771 1162 838 Minervam
1188 771 1246 840 ine

75 874 245 929 certamen
270 857 470 948 provocavit,
491 879 584 944 quae,
606 858 638 922 in
660 871 755 924 anum
773 875 874 932 versa,
896 856 979 924 inter
997 856 1063 922 lroc
1086 859 1128 924 ad
1150 880 1220 923 eam

75 946 183 1028 venit,
218 955 256 1010 ut
284 943 352 1034 ejus
378 942 545 1009 audaciam
575 954 803 1030 compesceret.
845 939 948 1016 Quam
974 961 1070 1030 quum
1094 942 1222 1010 vidisset

75 1033 109 1098 in
134 1029 315 1098 certamine
339 1039 595 1117 permanentem,
624 1051 752 1094 reversa
773 1029 804 1093 in
827 1029 916 1094 snam
938 1051 952 1092 s
977 1027 1095 1108 eciem,
1124 1051 1223 1118 opere

78 1117 246 1206 proposito
276 1115 309 1179 in
340 1125 502 1181 certamen
529 1112 703 1180 descendit.
758 1114 814 1180 Sic
844 1113 925 1180 victa
949 1049 1096 1178 lrachne
1146 1135 1222 1181 uum

85 1200 314 1268 contumeliose
348 1221 367 1266 a
395 1200 537 1265 Minerva
570 1197 661 1288 pulsa
692 1205 796 1276 esset,
813 1259 818 1270 ,
838 1195 1010 1287 suspendio
1040 1221 1077 1264 se
1104 1137 1219 1266 adiecit
1227 1223 1264 1276 ‚to

86 1287 223 1374 Propter
244 1283 385 1352 studium
411 1296 535 1365 autern,
563 1283 651 1372 qood
677 1307 696 1350 a
718 1284 859 1350 Minerva
879 1295 1073 1374 'acceperat,
1098 1283 1131 1350 in
1151 1307 1222 1354 ara·

92 1393 180 1438 neam
211 1393 306 1439 versa
339 1383 407 1450 est,
456 1382 494 1442 ut
528 1391 628 1459 opere
663 1368 762 1439 inutili
796 1368 912 1439 uultum
947 1389 1040 1440 suum
1075 1371 1223 1440 effectum

94 1478 203 1547 mpero
232 1466 353 1548 posset.
827 1470 829 1480 ¹

493 1621 563 1698 92.
615 1620 818 1700 Alceste.

169 1750 338 1830 Admetus,
360 1771 418 1816 rex
433 1750 603 1832 Graeciae,
626 1750 771 1819 Alcesten
796 1752 827 1818 in
845 1749 996 1842 conjugio
1004 1745 1111 1840 petiit,
1132 1749 1221 1842 cujus
1229 1774 1265 1826 ιε

87 1850 179 1928 puter
204 1837 346 1904 edictum
369 1851 596 1927 proposuerat,
626 1847 661 1906 ut
685 1836 805 1926 sifquis
828 1838 917 1922 duas,
932 1838 1015 1912 feras
1037 1837 1095 1905 sibi
1118 1835 1224 1926 dispa-

84 1946 133 1993 res
167 1943 230 1989 suo
253 1943 359 1988 curru
384 1921 557 2010 jungeret,
603 1920 672 2010 ipse
698 1921 780 1990 illam
809 1923 841 1990 in
872 1923 1024 2010 conjugio
1054 1923 1225 2010 acciperet.

84 2009 115 2077 Is
146 2007 305 2076 Admetus
339 2007 525 2095 Apollinem
547 2018 642 2096 utque
671 2008 846 2076 Herculem
880 2010 987 2100 petiit,
1026 2009 1081 2096 qui
1117 2009 1145 2074 ei
1182 2010 1224 2077 ad

86 2115 218 2161 currum
242 2093 366 2159 leonem
387 2105 421 2164 et
441 2116 552 2180 aprum
565 2093 750 2196 junxerunt.
793 2095 906 2183 Itaque
926 2094 1074 2161 Alcesten
1094 2095 1128 2162 in
1147 2116 1225 2160 coo-

82 2181 212 2270 jugium
237 2179 374 2266 occepit.
430 2180 537 2254 Quum
565 2202 597 2244 ιιι
622 2179 834 2247 infirmitatem
863 2179 1032 2246 cecidisset
1059 2177 1221 2272 Admetus,
1229 2206 1267 2256 20

87 2281 123 2331 er
146 2266 224 2334 mori
245 2287 282 2332 se
305 2267 528 2352 comperisset,
556 2263 731 2352 Apollinem
753 2264 945 2354 deprecatus
971 2276 1028 2332 ert.
1071 2263 1128 2330 Ille
1148 2288 1225 2332 vero

86 2351 188 2432 dixit,
217 2348 305 2417 scei
331 2349 449 2438 aliquid
471 2373 532 2432 non
561 2370 656 2437 posse
670 2362 864 2438 praestare,
880 2349 955 2416 misi
982 2352 1008 2416 si
1031 2349 1157 2438 quisse
1180 2351 1224 2417 de
1266 2395 1270 2402 -

85 2435 159 2528 ejus
193 2436 377 2526 propinquis
412 2435 455 2504 ad
489 2448 622 2504 mortem
662 2459 730 2524 pro.
755 2460 794 2502 eo
827 2435 1001 2504 voluntarie
1040 2437 1224 2518 obtulissem

85 2521 177 2611 quod
209 2543 291 2589 uxor
320 2522 437 2589 effecit.
490 2522 605 2610 Itaque
635 2523 791 2589 Hercules
820 2522 895 2590 dum
928 2521 969 2595 sd
998 2521 1224 2590 'l'ricerbemnr

84 2631 205 2676 canem
236 2607 483 2674 abstrahendum
514 2607 742 2686 descenderet,
785 2609 879 2676 ctiam
908 2609 1010 2697 ipsam
1040 2608 1083 2674 de
1108 2610 1267 2684 ‘inlerisap

83 2695 180 2760 levat.
242 2691 409 2790 Admetrun
450 2707 626 2781 posuerunt
659 2695 691 2761 in
723 2694 852 2764 modum
883 2694 1030 2776 mentis;
1081 2693 1227 2764 Alcesten
1266 2721 1267 2726 ¹
1379 2755 1381 2760 ,

84 2801 147 2868 pro
171 2789 448 2868 praesumtione.
1321 2817 1324 2828 v

311 2942 378 3019 95.
432 2947 677 3044 Neptunus
710 2957 756 3020 et
788 2943 1005 3050 Amycus.
1071 2907 1074 2916 ¹

111 3085 115 3096 ’
174 3075 347 3164 Neptunus
372 3097 469 3163 quum
491 3072 647 3140 incideret
668 3069 702 3134 in
723 3093 864 3138 amorem
881 3074 1031 3167 Meropes
1047 3065 1226 3169 Nymphae,

87 3162 204 3230 habuit
226 3183 265 3228 ex
280 3185 318 3228 ea
333 3159 430 3228 filium
444 3164 608 3250 Amycum,
622 3155 852 3246 Bebrycloruln
870 3180 999 3248 regem,
1022 3165 1075 3254 qui
1094 3169 1275 3244 «attractam,
1364 3223 1365 3226 ,

91 3251 168 3338 lege
190 3244 299 3316 solitui
323 3258 392 3315 erat
414 3246 573 3328 venientes
601 3241 741 3332 hospites
763 3244 804 3310 ad
826 3265 862 3308 se
882 3248 1047 3338 recipere,
1073 3262 1106 3317 et
1127 3273 1230 3336 coges
1270 3259 1282 3277 '¹

92 3337 149 3400 bat
178 3357 236 3399 eos
266 3335 406 3400 cestibus
437 3354 545 3397 secum
579 3327 747 3408 dimicare,
782 3330 946 3420 victorque
973 3337 1108 3403 existens
1127 3337 1229 3401 inter·

95 3419 224 3487 liciebat
254 3429 334 3485 eos.'
370 3418 466 3483 Hanc
496 3417 564 3506 ejus
596 3413 755 3484 feritatem
781 3438 878 3504 quum
906 3419 995 3487 multi
1023 3426 1129 3490 esse'nt
1154 3442 1227 3508 per.

94 3503 196 3591 pessi,
225 3504 393 3570 novissime
418 3502 457 3566 in
474 3501 589 3570 codem
611 3499 786 3568 certamine
807 3517 994 3590 superatus,
1020 3518 1124 3574 morte
1146 3505 1229 3581 mul-

92 3601 178 3658 tatus
211 3602 262 3656 est
293 3613 312 3655 a
342 3585 492 3670 Polluce,
533 3586 588 3678 qui
621 3607 694 3656 cum
722 3587 917 3674 Argonautis
949 3590 1066 3680 pellem
1096 3611 1268 3662 antemnas

94 3673 224 3746 Colchis
247 3675 386 3766 petebat.
445 3715 447 3721 ι
689 3707 690 3710 ¹

312 3915 319 3923 ,
350 3835 420 3913 94.
442 3821 716 3945 ,Neptunus
753 3852 796 3916 et
821 3792 964 3945 ,llrym

175 3969 285 4044 Quum
323 3964 595 4034 animadvertisset
633 3967 802 4058 Neptunus
836 3971 996 4050 Venerem
1037 3970 1226 4060 spatiantem

96 4052 123 4118 in
144 4053 240 4121 litore
263 4051 361 4120 Siculi
383 4052 495 4133 maris,
524 4075 598 4122 cum
619 4075 659 4118 ea
680 4075 748 4120 rem
770 4053 889 4123 habuit.
931 4058 985 4125 Ex
1008 4079 1072 4148 quo
1092 4057 1226 4146 gravida
1347 4087 1351 4096 ·

95 4139 179 4207 lacta
207 4138 305 4211 fitium
329 4138 488 4228 perperit,
522 4159 617 4226 quent
652 4139 823 4206 nominarit
846 4141 998 4230 Erycem.
1042 4144 1106 4220 Qui
1128 4163 1268 4231 quumto
1314 4163 1317 4172 ’

93 4223 123 4290 iu
142 4224 255 4294 Sicilie
278 4222 587 4313 agnascentibus
608 4225 673 4293 suis
695 4224 816 4307 fidens,
840 4225 948 4316 legem
967 4232 1077 4321 posuit
1099 4229 1225 4300 ueniens
