2698 4804
12 2309 59 2338 „
184 2368 226 2434 ,0

175 137 260 212 soo
346 115 722 248 ''ayrmffsnn
790 133 831 206 o.
886 132 1037 208 r-s.
1238 178 1245 188 -

603 317 645 394 8.
699 316 885 420 Apollo.
1162 325 1169 334 “
1336 355 1337 450 ἶ

265 456 294 520 l.
328 453 573 522 PrimamJoris
592 454 689 524 filiurn
712 453 885 544 Apollinem
904 453 1018 520 volunt
1061 453 1155 520 Hune
1175 451 1288 518 ‹uve-su
1336 471 1337 524 t

179 541 356 609 nominibus
386 551 569 630 nuncupant
594 553 628 610 et
660 541 720 610 snb
742 541 838 612 variis,
854 539 1134 627 significationibus
1161 538 1289 627 frequen-

114 661 118 670 ,
179 627 299 692 tissime
321 639 450 714 ponam.
507 627 634 693 Dicitur
655 626 782 716 Apollo,
816 623 852 690 id
873 637 922 692 est
937 625 1087 712 perdens
1113 626 1175 690 sive
1193 636 1289 686 exter·
1336 655 1337 700 t

157 713 341 790 antinous,
410 709 473 776 nod
508 736 567 778 suo
602 710 710 780 calore
747 733 858 778 omnes
892 711 1071 782 herbarum,
1096 721 1129 776 et
1158 709 1289 772 arborum
1336 703 1337 798 l

182 796 330 864 humores
360 735 478 884 pbllere
509 797 663 866 rideatur.
724 797 850 864 Dicitur
877 795 1014 886 Pythius
1042 793 1090 859 rel
1117 819 1136 859 a
1163 795 1291 880 l’ythone

181 894 347 968 serpente,
369 906 464 970 quem
485 879 661 950 secundnm
682 881 823 950 fabulam
843 905 919 946 mox
939 895 1032 947 natus
1054 880 1220 956 interfecit,
1239 880 1291 942 sire
1313 887 1317 900 ’
1336 879 1337 942 l

182 989 201 1030 a
226 969 355 1032 Graeco
380 970 476 1034 verbo
498 964 613 1049 abac,
634 968 721 1057 quod
744 970 923 1054 interrogo
948 968 1171 1052 interpretatur
1188 965 1216 1050 (i
1236 987 1292 1028 sum
1336 949 1337 994 ¹

182 1052 265 1116 enim
299 1051 542 1145 interrogabant
573 1065 607 1120 et
635 1051 876 1136 consulebant),
926 1053 992 1118 sive
1031 1045 1178 1142 φύτιος,ἱ
1197 987 1234 1114 id
1253 1059 1293 1114 est

142 1133 286 1221 residem
308 1133 468 1225 affirmes.
502 1138 596 1206 Unde
618 1151 651 1207 et
661 1139 843 1229 Pythonem
860 1136 986 1224 sagittis
1002 1136 1133 1222 lingitur
1146 1133 1293 1212 occidisse,

184 1220 270 1306 qnod
302 1224 404 1289 omnis
442 1223 522 1290 falsa
551 1224 739 1305 credulitas,
779 1245 838 1312 per
864 1226 1014 1290 tenebras
1037 1222 1292 1301 ommatium

183 1305 252 1395 ejus
277 1306 404 1394 fulgore
425 1309 627 1394 destruatur;
660 1304 771 1378 πειθώ
792 1329 929 1395 namque
949 1305 1142 1373 credulitas
1161 1309 1293 1394 interpre-

184 1403 279 1458 tatur.
335 1393 392 1460 Sol
414 1394 595 1463 seeundum*
620 1395 760 1462 'l'ullium
780 1393 913 1475 dicitur,
953 1393 1002 1458 rel
1035 1392 1110 1480 quia
1148 1393 1234 1456 eolus
1262 1410 1293 1452 ex

120 1487 123 1496 '
184 1479 329 1554 omnibus
352 1478 508 1548 sideribus
530 1493 637 1550 tantus
666 1493 732 1561 cst,
771 1479 820 1544 rel
840 1478 930 1566 quia,
964 1477 1065 1567 quum
1098 1489 1147 1544 est
1175 1488 1292 1550 exortus,
1336 1489 1337 1514 ¹

145 1563 280 1629 rastellis
301 1564 455 1632 omnibns
468 1568 665 1648 obscuratis,
703 1565 796 1630 solus
818 1573 961 1652 apparet.
1009 1562 1137 1629 Dicitur
1155 1562 1293 1652 Lyn-insa

104 1645 112 1659 “
185 1647 287 1738 Lycio
324 1649 398 1714 fano
437 1649 523 1740 apud
552 1651 657 1718 Delon
684 1649 837 1731 maxim03
876 1647 963 1713 unde
987 1647 1156 1736 Virgilius:
1205 1645 1292 1712 Νιιπε
1334 1677 1335 1680 “

183 1769 227 1780 --
248 1733 380 1822 Lyciae
399 1747 443 1784 ³-
462 1749 571 1804 sortes
578 1761 591 1816 ς
612 1738 678 1804 sire
699 1761 719 1803 a
740 1730 835 1823 λύκῳ,
860 1734 894 1800 id
915 1745 965 1800 est
985 1733 1077 1820 lupo.
1120 1733 1210 1800 Sicut
1227 1729 1292 1794 emm

184 1817 275 1908 lupus
297 1841 415 1906 pecora
435 1819 606 1902 dilacerat,¹
638 1823 685 1889 sic
713 1822 838 1886 fervore
858 1843 919 1886 suo
948 1840 1076 1884 omnem
1106 1819 1152 1886 sol
1178 1817 1293 1882 exsiccat

104 1947 109 1956 ·
184 1902 361 1970 humorem.
403 1905 490 1973 Hinc
514 1918 547 1973 et
567 1907 649 1986 Pan,
671 1907 726 1994 qui
747 1907 851 1972 ovium
870 1904 986 1970 dicitur
1006 1902 1099 1982 deus,
1119 1903 1202 1992 quod
1221 1902 1293 1986 lupos

143 1987 229 2054 soah
250 1987 321 2052 ovili
342 2003 467 2066 arceat,
498 1991 649 2083 Lycaeus
671 1991 853 2080 appellatur.
907 1991 1009 2078 Cujus
1036 1990 1114 2076 quia
1142 2011 1215 2055 casu
1234 1984 1293 2054 feci<

153 2094 255 2146 ,roris
288 2075 497 2158 mentionem,
542 2079 669 2145 brevem
705 2099 766 2143 nec
796 2075 935 2142 inutilem
969 2074 1011 2139 de
1043 2098 1087 2140 eo
1116 2074 1292 2162 subjiciamus

186 2151 427 2244 digressionem.
1035 2169 1038 2174 '

268 2261 299 2325 2.
342 2263 413 2330 Pan
447 2261 562 2352 igitur,
603 2276 640 2332 ut
673 2265 751 2334 dicit
784 2264 909 2337 Varro,
950 2262 1005 2350 qui
1037 2259 1171 2366 deornm
1201 2263 1294 2326 tractat

61 2451 66 2462 ’
143 2349 1294 2518 2⁵omi'f‘isiiiiiif’aii?affabilitas?dliiil‘iii

185 2513 356 2586 litudincm.
411 2519 524 2589 [lubet
555 2520 622 2607 ejus
652 2521 751 2588 facies
781 2518 823 2586 ad
845 2517 982 2589 aetheris
1004 2519 1225 2592 imitationem.
1267 2509 1293 2574 ΙΙΙ

95 2634 98 2642 2
183 2613 317 2756 gectore
350 2601 514 2670 nebridem
551 2605 650 2672 hahet
678 2605 832 2674 stellatam
863 2604 918 2694 ad=
940 2603 1103 2674 stellarum
1139 2599 1294 2689 imaginem·

215 2709 266 2752 ars
289 2687 357 2774 ejus
378 2689 509 2758 inferior
530 2688 653 2778 hispida
675 2703 725 2760 est
746 2701 877 2783 propter
891 2691 1035 2770 arbores,
1058 2689 1203 2776 virgulta,
1223 2685 1297 2761 feras·

186 2772 345 2858 (laprinos
366 2775 464 2842 habet
499 2776 598 2865 pedes
620 2790 889 2867 propter'terrae
912 2775 1113 2842 soliditatem.
1165 2769 1297 2842 Fistulau

143 2858 271 2941 sugerit
292 2859 355 2924 Vll
376 2859 568 2946 calamorum
601 2877 733 2952 propter
760 2862 956 2930 harmoniam
978 2861 1075 2940 caelu
1110 2853 1298 2941 salebroso,

184 2941 454 3032 inaspectum,
490 2958 623 3035 propter
644 2931 779 3029 annum}
815 2946 870 3036 qni
890 2948 921 3011 in
943 2965 980 3014 se
1000 2948 1146 3014 recurrit.
1187 2940 1299 3034 Abhqt

185 3040 310 3110 constat
331 3028 491 3100 diversum
510 3041 586 3100 'esse
607 3035 784 3112 Silvanum,
817 3055 914 3121 quem
942 3045 1049 3098 tamen
1071 3033 1198 3119 publica
1218 3041 1298 3090 caen·

185 3113 361 3183 moniarum
397 3117 504 3206 opinio
526 3119 695 3208 ‘pecorum
728 3121 826 3189 habet
861 3130 894 3185 et
920 3115 1072 3206 agrorhrn
1113 3140 1186 3184 esse
1216 3111 1298 3176 deun.

76 3226 80 3252 ²
185 3197 416 3272 Prudentiore‘s
439 3204 522 3275 enim
545 3228 617 3272 eum
635 3205 745 3274 dicunt
761 3227 832 3271 esse
853 3199 959 3287 strom,
976 3226 1070 3305 quam
1084 3199 1298 3268 siloaminter·

105 3343 112 3360 s
142 3297 347 3378 thurelatur,
367 3285 402 3352 id
424 3301 474 3362 est
494 3290 741 3370 elementorum,
763 3303 800 3358 ut
819 3288 1056 3362 volrservms',
1079 3289 1212 3362 faecem,
1233 3274 1300 3374 unde

184 3383 300 3438 eurrcta
322 3386 548 3458 procreantur,
581 3400 676 3464 quarn
704 3373 790 3461 ὕλην
809 3372 915 3442 Latini
949 3375 1113 3442 materiam
1147 3367 1300 3462 appellare·

183 3469 266 3530 runt,
309 3457 363 3540 De
384 3459 432 3532 his
453 3459 617 3535 hactenus.
1178 3493 1182 3500 ·
1253 3475 1256 3481 “

266 3570 296 3637 a.
341 3571 468 3638 uisitur
490 3573 601 3663 sparo
623 3573 753 3653 nortus,
789 3568 823 3635 ta
846 3581 896 3637 est
915 3567 1128 3647 decreram,
1165 3561 1249 3655 quod
1267 3552 1300 3624 sot

121 3661 126 3678 '
157 3655 291 3726 ,omnia
323 3656 493 3738 illuminat,
531 3661 597 3730 sire
619 3683 638 3726 a
659 3659 742 3728 Delo
763 3655 882 3733 insula,
917 3654 949 3718 in
972 3676 1035 3740 qua
1055 3655 1302 3742 angilrannus·

81 3789 84 3797 1
143 3740 349 3832 soveroujrrs
373 3743 543 3814 'nativitate
572 3745 730 3825 fabulam,
765 3743 843 3830 quia
869 3737 957 3826 apud
985 3738 1062 3806 alios
1092 3751 1142 3806 est
1172 3739 1302 3802 obscuras

127 3883 130 3891 ,
183 3824 292 3896 censui
315 3827 571 3916 apponendam„
597 3842 630 3899 et
654 3842 688 3898 ut
708 3839 776 3900 tota
804 3849 855 3892 res
886 3824 1061 3891 evidentior
1092 3827 1181 3897 fiat„
1206 3822 1245 3888 ah
1270 3809 1303 3877 tl·

184 3911 255 3978 tlori
276 3913 497 3985 inchoandam
548 3914 650 3984 Ce‘ur‘
665 3917 774 4068 mim
804 3911 908 3998 Gigas
938 3909 1016 3976 filias
1045 3911 1126 3992 dues
1147 3895 1303 3996 pulcherri-

81 4045 85 4052 ·
183 4019 251 4069 roas
289 3998 421 4080 habult,
466 4002 611 4070 Asterien
652 4015 685 4070 et
754 4010 890 4068 atonam.
944 3997 1025 4074 Post
1068 3997 1206 4071 vitiatam
1240 4001 1303 4052 reto

185 4082 342 4151 Latonam
375 4109 473 4172 quum
507 4086 575 4175 ejus
609 4089 717 4160 ettam·
738 4106 880 4153 sororem
915 4082 1059 4148 Asterien
1088 4082 1196 4148 vitiare
1214 4068 1304 4160 -vellet

125 4167 351 4263 saloppiter,
373 4171 423 4244 illa·
436 4173 562 4268 ‚optavit
583 4168 699 4257 ediis,
724 4185 759 4246 ut
778 4171 811 4243 iu
833 4191 924 4241 avem
946 4177 1194 4243 converteretur,
1214 4175 1304 4230 versa·
