2716 4794
116 923 121 936 ·
241 897 246 910 '
333 863 795 1002 *urruoonannos‘
824 901 1087 980 ruarmo..

282 1145 360 1254 ¹Do
390 1157 462 1224 diis
488 1154 650 1246 gentium
681 1165 716 1222 ot
745 1154 886 1251 illorum
910 1149 1104 1242 allegoriis.

561 1457 857 1532 Prooemium.

224 1583 303 1656 Fuit
338 1583 372 1656 io
402 1583 550 1688 Aegypto
586 1582 632 1650 vir
669 1580 857 1662 ditissimus,
896 1580 1025 1650 nomine
1060 1581 1269 1735 Sprophanes.

42 1709 46 1716 ·
116 1671 208 1740 ome
224 1668 335 1740 hahuit
348 1668 444 1736 filium
461 1667 667 1756 umgenitum,
688 1693 783 1756 quem
800 1666 968 1744 immodice
981 1668 1080 1758 dilige
1092 1681 1144 1754 et.
1188 1671 1270 1737 Con-

141 1760 164 1827 ti
189 1759 216 1826 it
233 1757 329 1824 filium
351 1756 440 1824 mori.
467 1755 546 1844 Ejus
567 1743 768 1822 simulacrum
781 1758 881 1842 ‘pater
898 1775 976 1841 prae
989 1755 1084 1821 nimio
1101 1755 1270 1822 dilectionis
1322 1778 1325 1788 ’

142 1783 259 1910 adiectu
282 1842 313 1908 in
336 1840 469 1910 aedibus
490 1839 555 1906 suis
577 1839 754 1922 constitnit3
784 1837 929 1927 dumque
957 1841 1103 1908 tristitiae
1123 1841 1271 1928 quaesivit

143 1927 333 2004 remedium,
362 1927 561 1994 seminarium
583 1925 688 2013 potius
711 1923 828 1994 doloris
848 1923 973 1994 invenit.
1015 1927 1163 2015 Denique
1183 1927 1272 1992 simu-

144 2014 264 2080 lacrum
284 2010 357 2080 illod
380 2013 514 2080 εἴδωλον
542 2009 662 2076 dictum
688 2024 754 2091 est,
790 2008 878 2098 quod
907 2032 965 2078 nos
987 2011 1103 2078 Latine
1131 2012 1289 2100 speeiem,

104 2105 139 2153 ¹⁰
149 2098 277 2164 doloris
308 2097 449 2166 dicimus.
492 2095 629 2180 Jamque
654 2097 800 2164 universa
826 2095 950 2173 domini,
966 2083 1082 2164 familia
1102 2097 1133 2161 in
1163 2095 1274 2164 domini

145 2182 356 2252 adulationem
378 2191 512 2250 coronas
541 2181 709 2249 simulacro
739 2182 935 2270 pleolehant,
969 2183 1067 2250 flores
1089 2183 1275 2259 offerebant,

146 2266 608 2337 odoramentaauccendehaut.
619 2268 680 2332 Rei
690 2267 785 2334 etiam
793 2267 1286 2354 adsimulacromconluglentes,
1351 2286 1352 2289 ’

146 2355 269 2422 venium
290 2377 310 2422 a
335 2353 462 2422 domino
484 2352 591 2442 ade'pti
622 2363 711 2431 sunt,
745 2354 883 2420 venerati
907 2375 947 2419 ue
974 2366 1047 2422 sunt
1074 2351 1148 2420 iliud
1176 2351 1278 2438 magis

87 2459 89 2464 '
147 2441 270 2510 timoris
289 2439 424 2507 affectu*
452 2462 524 2506 uem
545 2439 677 2518 amoria;
714 2437 799 2504 unde
827 2452 861 2504 et
882 2375 1002 2525 dietum
1030 2452 1095 2507 est:
1135 2439 1281 2502 Primus

107 2525 188 2588 asin
212 2522 290 2589 orbe
310 2524 389 2588 deos
413 2463 512 2611 fecit-
531 2523 647 2587 timor.
696 2523 821 2590 Exhinc
847 2523 1038 2592 inveteratos
1061 2544 1151 2590 error
1169 2523 1282 2588 huma·

149 2632 207 2675 nus
227 2609 259 2676 in
289 2607 445 2676 idolorum
467 2607 553 2674 cultu
574 2606 693 2695 ubique
723 2607 868 2696 gentium
896 2613 1001 2699 coepit
1023 2607 1169 2676 diffundi.
1212 2607 1286 2672 Neo

147 2705 254 2762 tomen
286 2693 449 2760 universos
479 2690 594 2759 eadem
611 2691 747 2762 'involvit
774 2694 912 2773 inscitia,
952 2719 1012 2762 neo
1041 2695 1170 2762 eosdem
1205 2693 1287 2760 ritus

149 2779 254 2846 cuncti
284 2775 484 2866 recipiendos
521 2789 724 2850 censuerunt.
781 2780 865 2847 Nam
902 2780 1094 2872 philosophi,
1149 2801 1288 2867 quorum
1354 2813 1356 2870 q

56 2933 59 2940 ,
147 2867 179 2930 in
213 2865 369 2956 plerisque
396 2863 445 2934 vel
474 2863 613 2932 veritatis
642 2863 724 2931 riam
751 2865 800 2931 rel
827 2865 956 2936 rationis
982 2868 1189 2934 assertionem
1223 2877 1310 2933 trn··
1355 2873 1356 2880 ’

107 2949 231 3017 addidit
252 2949 443 3029 auctoritas,
473 2971 571 3016 unum
590 2947 702 3019 dicunt
721 2949 818 3018 deum
838 2974 927 3034 esse,
954 2953 1032 3020 caeli
1055 2965 1089 3020 et
1108 2965 1216 3018 terrae
1237 2971 1292 3013 re·

44 3077 52 3088 ·
151 3057 286 3124 rumque
303 3035 447 3104 omnium·
462 3033 574 3125 procul
595 3032 693 3103 dubio
715 3050 903 3105 creatorem.
949 3038 1016 3105 Hic
1044 3049 1149 3104 tamen
1172 3037 1214 3100 ab
1235 3034 1293 3101 iis-

51 3175 54 3182 .
152 3121 227 3188 dem
248 3140 307 3210 pro
334 3119 495 3210 multiplici
526 3120 749 3210 dispositione,
789 3145 852 3210 qua
878 3122 1010 3190 dirersis
1038 3121 1140 3189 modis
1163 3120 1295 3208 regitur

151 3204 305 3288 mundus,
333 3207 426 3275 variis
451 3207 527 3276 item
546 3207 917 3297 vocabulisappellatur.
967 3205 1093 3275 Dicitur
1122 3207 1207 3294 eninr
1237 3203 1295 3270 Vi·
1355 3247 1356 3250 κ

153 3305 299 3372 turonus,
320 3293 407 3380 quod
426 3292 538 3358 vitam
559 3302 716 3380 praestan
738 3295 904 3371 Sentinus,
926 3293 1014 3381 quod
1035 3311 1183 3357 sensum.
1226 3291 1295 3356 Vo-

111 3383 247 3445 nocetur
265 3380 352 3445 Jovis
371 3379 435 3444 sire
456 3378 603 3466 Juppitor
623 3379 654 3446 in
677 3379 825 3457 aethere,
853 3380 938 3445 Juno
959 3379 990 3445 in
1012 3385 1104 3456 aire,
1132 3377 1240 3444 Diana
1264 3376 1296 3439 in

155 3474 258 3545 terra;
288 3463 449 3550 multaque
475 3476 549 3531 sunt
570 3463 631 3529 alia
660 3463 803 3554 ejusdem
825 3462 876 3530 dei
904 3478 1063 3552 tamquam
1086 3462 1298 3550 plurimorum

155 3549 318 3616 vocabula.
373 3549 568 3636 Plerumque
592 3561 626 3616 et
653 3571 734 3616 nnus
762 3548 911 3636 idemque
938 3572 1000 3615 non
1030 3547 1131 3615 solum
1161 3544 1297 3614 diversis

156 3633 433 3786 gominihus,sed
455 3645 488 3700 et
509 3632 594 3701 vario
617 3657 695 3701 sexu
715 3634 832 3703 dicitur
847 3636 940 3726 juxta
960 3636 1027 3702 illos
1047 3656 1155 3701 versus
1174 3626 1297 3700 Valerii

18 3779 19 3784 ,
184 3739 306 3790 errem:
1188 3753 1195 3760 ·

19 3829 21 3896 ζ
114 3825 151 3876 ³⁰
204 3840 215 3868 ἰ
240 3820 407 3911 ¹luppiter·
426 3819 661 3908 omnipotens,
691 3830 807 3888 rerum
829 3843 1018 3912 regumque
1038 3831 1204 3910 repertor,
1306 3893 1310 3900 ,

20 3913 22 3978 l
245 3906 477 3995 Progenitor,
494 3902 722 3997 genitrixque
744 3905 863 3990 derina,
883 3907 968 3974 deus
989 3931 1080 3973 unua
1102 3916 1136 3971 et
1158 3904 1266 3969 idem.

21 3989 42 4074 l.
155 4005 253 4074 Unde
275 4021 325 4075 est
347 4018 379 4074 et
398 4006 450 4076 illo
470 4006 557 4076 Jovis
579 4005 697 4074 oratio:
948 4005 976 4018 ''

244 4108 453 4186 Caelicolae,
485 4131 566 4200 xmeo
587 4105 757 4190 membra,
793 4107 862 4192 dii,
896 4131 978 4200 quon
1000 4119 1120 4198 (20³,qu
1135 4112 1302 4196 poterim

243 4191 541 4284 Officiio‘divorro
554 4191 665 4278 jacit.
704 4279 713 4291 .„
747 4195 750 4202 ’
1041 4191 1047 4201 ’
1140 4199 1142 4203 ’
