2716 4794
66 182 69 188 ·
167 159 247 256 tre
447 183 630 286 nyusffr.
658 183 710 256 n.
765 177 1080 282 treanta„

82 298 85 306 Ι
548 364 639 440 Alli.
669 369 918 444 'Minerva

250 487 392 559 Minerva
424 487 591 582 aliquando
622 495 704 563 tibiis
737 497 768 560 in
799 487 958 564 consortio
993 491 1125 559 deorum
1158 497 1288 569 canente,

151 574 226 659 dii,
248 578 409 644 intuentes
426 581 561 645 buccam
583 580 649 668 ejus
668 584 802 670 turpiter
820 585 971 658 inflatam,
993 587 1170 666 coeperunt
1187 577 1287 640 ridere.

164 661 241 744 Illa,
269 661 345 750 quid
375 661 533 745 riderent,
560 666 730 752 ignoraus,
764 668 806 732 ad
834 667 1013 734 Tritoniam
1038 664 1185 752 paludem
1207 660 1288 734 venit,

141 744 276 835 sibique
315 747 467 814 labiorum
508 773 638 816 suorum
680 767 845 839 turgorem
881 752 1008 828 intuita,
1051 749 1144 816 tibias
1177 745 1289 834 abjecit.

167 833 259 908 Quas
291 833 426 924 Marsya
450 837 630 918 inveniens,
664 838 721 904 illis
750 837 867 903 utendo
902 838 934 902 in
965 843 1087 902 tanturn
1117 835 1219 898 tinctus
1250 841 1291 895 est

166 919 306 1007 peritus,
345 931 381 986 ut
413 920 544 1008 Apollini
577 945 613 987 se
644 937 854 1013 compararet.
904 923 988 989 Cum
1025 941 1088 1007 quo
1118 941 1213 1007 quom
1244 917 1291 978 diu

166 1003 277 1092 Apollo
304 1006 533 1086 contenderet,
571 1017 603 1073 et
637 1029 710 1075 eom
742 1028 895 1098 superare
922 1027 986 1072 non
1014 1015 1138 1106 posset,
1178 1001 1293 1067 invenit

168 1090 340 1170 citharam,
367 1103 399 1158 et
420 1114 537 1156 canere
558 1095 674 1180 coepit,
716 1094 853 1160 Inversis
876 1103 981 1159 autern
1004 1091 1105 1168 tubiis,
1138 1113 1235 1176 quum
1263 1107 1292 1151 sc

127 1175 301 1266 1⁰Mursya
329 1173 461 1262 Apollini
492 1179 703 1282 aequiparare
722 1202 762 1245 ne
786 1181 884 1259 uiret,
917 1174 1027 1266 Apollo
1048 1198 1120 1242 eum
1144 1173 1185 1241 od
1208 1175 1292 1272 arbo-

167 1281 235 1326 rem
256 1260 482 1348 religavit,‘et
511 1263 608 1347 virgis
635 1204 804 1340 caedendo
828 1263 870 1330 ad
892 1264 1050 1331 interitum
1070 1283 1172 1350 usque
1195 1267 1293 1346 coepit

164 1346 289 1434 punire.
331 1347 383 1412 De
405 1346 495 1436 cujus
518 1349 674 1436 sanguine
695 1352 766 1418 fons
788 1364 877 1418 ortus
898 1358 964 1428 est,
996 1345 1064 1436 ejus
1093 1356 1223 1415 ornatus
1246 1368 1293 1408 no-

165 1431 258 1535 nrine.
301 1431 403 1522 Cujus
422 1433 624 1521 turpitudinis
649 1437 818 1523 memoria,
840 1433 969 1523 Marsya
990 1429 1094 1500 cauda
1117 1431 1294 1523 depingitur

164 1537 306 1606 porcina.
1018 1546 1021 1555 ·

122 1714 191 1775 ιη’
223 1685 315 1764 116.
370 1689 621 1771 Cantilena
658 1694 904 1798 Apollinis
936 1708 981 1772 et
1011 1693 1232 1794 Marsyae.

248 1818 337 1886 Huic
363 1817 570 1908 decertationi
599 1846 697 1911 quum
722 1823 827 1904 Mida,
855 1847 912 1891 rex
932 1822 1074 1914 Lydiae,
1090 1818 1191 1910 judex
1212 1815 1294 1886 adhi-

167 1901 253 1970 bitus
271 1905 475 1986 interfuisset,
497 1909 605 1974 audita
618 1931 735 1982 ,eorum
753 1910 917 1989 cantilena,
937 1907 1121 1998 praeposuit
1131 1906 1218 1971 Mars
1241 1926 1294 1968 am.

161 1987 268 2056 Iratus
290 1991 401 2078 Apollo
424 1994 491 2083 ejus
514 1993 674 2060 stultitiam
697 1997 826 2063 auribus
849 1994 1008 2062 damnarit
1030 1991 1167 2058 asininis.
1210 1929 1293 2064 dnus
1348 2023 1349 2060 ,

164 2075 304 2142 omniurn
332 2079 493 2166 aspectui,
523 2101 643 2146 corona
671 2103 797 2169 semper
825 2081 920 2170 capiti
946 2102 1005 2146 suo
1030 2077 1196 2178 imposita,
1224 2075 1293 2176 sub·

120 2161 310 2241 teneberis,
334 2161 409 2232 dum
433 2185 452 2230 a
474 2187 533 2230 suo
554 2165 667 2233 liberto
690 2177 817 2246 tonsus,
840 2170 880 2232 ab
902 2189 941 2232 eo
961 2175 1117 2230 metueret
1132 2161 1294 2236 diffamari,
1348 2239 1349 2246 ἵ

163 2247 193 2311 ei
216 2269 367 2314 coronam
389 2248 555 2337 imposuit,
569 2253 783 2341 promittens,
805 2264 840 2322 ut
861 2252 887 2318 si
909 2248 1050 2317 dedecus
1065 2271 1156 2314 suum
1170 2247 1294 2322 celaret,
1348 2253 1349 2286 l

59 2372 62 2381 ·
161 2333 255 2416 regni
286 2334 334 2400 sui
364 2357 436 2400 eum
464 2337 650 2426 participem
682 2338 812 2404 faceret.
856 2338 920 2413 Qui
951 2359 1047 2422 quum
1074 2334 1242 2410 visaintra
1262 2351 1294 2395 se
1348 2383 1349 2388 ,

162 2415 326 2486 continere
347 2441 410 2484 non
426 2423 557 2508 posset,
579 2425 727 2500 scrobem
749 2422 841 2501 secit,
871 2434 904 2490 et
930 2423 1050 2488 Midam
1071 2441 1184 2506 regem
1207 2438 1295 2482 aures

162 2500 284 2570 babere
318 2505 453 2572 asininas
492 2519 598 2572 terrae
640 2507 798 2574 narrando
834 2507 1010 2575 inculcavit.
1067 2503 1233 2592 Siquidem
1264 2502 1294 2564 in

8 2655 10 2664 ,
119 2585 278 2654 meatem
300 2592 417 2656 scrobe
439 2603 509 2658 orta
531 2614 654 2674 caune,
680 2615 776 2680 quum
798 2605 1004 2680 pastores'ex
1024 2613 1064 2656 ea
1086 2589 1223 2656 fistulam
1241 2585 1296 2654 sibi
1347 2579 1350 2676 Ι

163 2671 324 2755 lacerent,
371 2675 458 2762 qnod
494 2687 600 2743 terrae
640 2701 659 2744 a
694 2689 826 2744 tonsore
852 2680 939 2768 regis
967 2676 1157 2744 inculcatum
1188 2675 1297 2750 suerat,
1345 2697 1350 2762 ·j

161 2758 285 2842 fistula,
312 2759 494 2851 pastoribus
516 2761 632 2852 aliquid
655 2776 786 2832 cantare
807 2764 1002 2848 volentibus,
1036 2761 1244 2868 exprimebat.
1277 2851 1281 2864 ,
1343 2742 1350 2858 l

345 2873 348 2881 ·
1344 2867 1350 2910 l

531 2957 621 3035 117.
675 2935 800 3050 Mida
837 2987 927 3036 rex.
1348 2961 1350 3096 Ι

247 3081 337 3153 Mida
364 3106 421 3154 nen
449 3088 491 3154 ab
514 3089 657 3177 Apolline
687 3091 794 3185 petiit,
822 3089 1001 3171 nt'ontnia„
1035 3113 1119 3180 qnae
1139 3097 1300 3179 tangeret,

120 3183 276 3236 sonorum
305 3172 432 3252 fierent.
490 3173 564 3249 Quo
596 3197 768 3255 concesso,
801 3178 865 3242 voti
894 3178 943 3244 sui
965 3177 1083 3245 effectu
1107 3179 1214 3265 coepit
1236 3187 1302 3243 tor-

161 3254 270 3344 queri,
299 3257 375 3344 quia
396 3257 502 3326 cibum
524 3271 661 3348 tangere
683 3284 745 3327 non
767 3263 885 3348 potuit,
914 3263 989 3350 quin
1010 3263 1041 3327 in
1064 3281 1176 3328 aurum
1196 3261 1302 3329 statim

159 3352 347 3410 verteretur.
409 3345 592 3414 Conversus
631 3347 673 3413 ad
702 3369 834 3435 preces,
869 3367 1056 3436 responsum
1086 3343 1128 3413 ab
1160 3346 1303 3436 Apolline
1349 3393 1350 3450 p

161 3427 304 3516 accepit,
326 3437 368 3493 ut
389 3431 422 3493 ai
440 3442 494 3496 ter
510 3432 547 3496 iu
566 3431 753 3497 Pactolum
764 3432 923 3518 fiuvium
940 3434 1055 3522 capite
1071 3441 1302 3520 mergeretur,
1348 3453 1350 3516 p

160 3533 273 3598 poena
295 3537 375 3578 mox
390 3515 608 3600 privaretur.
651 3516 726 3591 Quo
749 3517 930 3606 completo,
963 3519 1032 3607 ipso
1060 3539 1198 3606 poenam
1228 3537 1302 3582 era·
1349 3525 1350 3532 ’

117 3609 154 3660 at
164 3593 278 3680 dente,
304 3589 418 3694 fluvius
440 3597 555 3669 exinde
576 3623 692 3670 aureas
714 3601 830 3671 dicitur
852 3626 965 3670 arenas
987 3604 1146 3692 habuisse.

245 3917 250 3933 Ι
287 3811 378 3890 118.
433 3819 717 3921 Explanatio
748 3823 951 3924 ejusdem
990 3823 1216 3898 tabulae„

249 3942 376 4020 Veritas
403 3959 509 4014 sutem
542 3959 609 4029 est,
644 3951 720 4037 quia
747 3953 881 4040 quisque
909 3975 1042 4032 avarus,
1075 3975 1171 4040 quum
1197 3948 1312 4016 omnia

164 4027 268 4117 pretio
297 4029 454 4111 destinat,
494 4033 578 4102 lame
608 4036 750 4102 moritur.
795 4037 892 4112 Quod
920 4037 1010 4104 Mida
1038 4048 1208 4116 rexerat,
1249 4033 1312 4119 qui
1344 4045 1350 4070 ¹

164 4113 299 4182 collecta
333 4119 540 4204 pecuniarum
580 4143 710 4191 suarum
742 4147 883 4203 summa,
925 4134 963 4191 ut
997 4123 1176 4190 Sosicrotes
1215 4121 1312 4194 dicit,

27 4201 28 4210 ’
121 4197 333 4284 eoPactolum
361 4201 511 4289 flurium,
543 4207 598 4294 qui
625 4208 657 4274 in
688 4229 777 4276 more
801 4209 975 4278 decurrere
995 4210 1106 4283 solitus
1128 4217 1213 4290 eret,
1247 4223 1314 4292 per
