2786 4800
37 258 46 301 .·
114 238 177 292 ‘ron
418 167 424 198 s
535 232 825 293 rnoonuruu.
1255 214 1315 252 ”

112 407 276 498 universo
292 403 441 506 Hygino
459 385 584 480 manns
602 405 741 501 intulit,
774 426 923 504 emnqne
941 402 1276 506 ard-compendium*

114 507 280 601 contulit,
306 518 349 579 nt
367 505 459 582 idem
477 503 643 582 Bor-thiris
665 507 729 582 lib.
743 507 901 601 Xxfll,
921 503 970 580 11
994 508 1248 606 suspicabatur.
1292 507 1295 516 ’
1328 545 1332 550 ·

114 661 144 712 „
151 608 277 703 Stilus,
306 610 314 628 ¹
342 611 430 708 quit,
457 609 597 684 Placidi
614 609 809 685 simillimus
828 620 1018 685 ostentum
1037 610 1249 707 fabulosum,

112 737 308 811 „quacun
392 703 539 812 Hy'pino
564 710 829 805 adscribuntur,
862 711 925 786 sed
948 714 1069 811 ntique
1090 715 1128 789 in
1155 723 1251 790 coln·

112 813 314 912 „pendium
345 840 366 886 a
394 816 512 888 nescio
542 839 614 912 quo
644 813 804 888 redactae
832 825 934 907 sunt,
969 824 1004 889 et
1028 813 1177 890 fortasse
1205 815 1250 890 ab

113 914 220 1010 „boc
251 915 372 990 eodem
402 910 572 1014 scriptore
606 913 786 1018 (Placido)
820 916 882 1014 qni
908 917 1076 1013 epitomas
1108 921 1251 992 eonein·

113 1043 235 1112 „uore
267 1017 510 1094 adsueverat.”
570 1015 722 1094 Accedit
737 1017 821 1106 ,illa
841 1007 915 1091 veri
940 1017 1130 1112 similitudo
1155 1020 1252 1119 qnod

112 1118 158 1192 ad
192 1119 343 1192 Statium
374 1119 543 1195 Placidus
565 1121 690 1194 ‘nullis'
716 1121 853 1217 saepius
889 1119 1098 1195 auctoribus.
1127 1125 1249 1216 ulitur,

111 1245 217 1319 quom
249 1219 421 1322 Virgilio,
460 1223 632 1315 Horatio,
679 1234 797 1320 atque·
815 1221 985 1316 Lucan03
1031 1222 1070 1294 id
1101 1223 1196 1323 qnod
1230 1249 1253 1298 a

111 1321 232 1396 nostro
256 1348 396 1424 qnoque
421 1324 679 1426 mylbograpbo
704 1325 898 1398 factitatum
921 1321 1095 1399 videmus.
1157 1327 1251 1400 Rem

111 1449 206 1498 nunc
237 1426 407 1523 prolixius
437 1453 562 1526 urgere
589 1453 661 1500 non
690 1425 799 1521 libet3
835 1425 898 1500 sed
929 1425 1018 1499 illud
1044 1428 1162 1524 potins
1187 1427 1250 1500 ad·

54 1541 58 1550 ·
111 1525 260 1600 mon'ebo
281 1525 448 1622 lectores,
476 1555 533 1604 rue
555 1529 693 1602 Placidi
715 1548 854 1628 quoque
876 1526 1014 1627 glossas
1035 1553 1081 1602 ex
1099 1540 1250 1626 quotuor
1339 1591 1344 1598 .

105 1642 181 1732 ⁸usu.
202 1628 395 1724 codicibus,
424 1649 635 1731 quamquam
654 1628 724 1714 heu
743 1630 1029 1730 mendosissimis,
1056 1628 1251 1733 vulgandas
1304 1665 1306 1672 v

111 1732 308 1823 censuisse,
346 1747 508 1831 quarum!
525 1744 604 1808 ante
632 1731 698 1806 bos
727 1725 836 1805 annos
862 1730 1055 1807 Mediolani
1085 1730 1249 1812 brevissi-

110 1857 205 1904 mum
226 1834 402 1930 specimen
421 1859 501 1909 cum
517 1834 695 1908 Frontone
716 1823 809 1908 edidi
824 1832 868 1932 *).
921 1833 1018 1910 Sane
1035 1831 1099 1908 hos
1114 1835 1251 1934 glossas

110 1929 236 2005 ernditi
261 1933 419 2008 homines
443 1938 482 2008 iu
505 1963 590 2013 mss.
619 1937 702 2012 olim
727 1935 890 2010 viderunt
917 1946 1022 2035 atque
1046 1935 1247 2030 laudarunt,

110 2033 218 2108 veluti
241 2035 341 2109 Frid.
370 2037 582 2137 Tiliobroga‘
601 2038 713 2136 proel'.
742 2036 787 2109 ad
813 2038 986 2132 Statium,
1021 2049 1057 2122 et
1079 2037 1250 2111 Bartbius

110 2134 191 2208 adv,
214 2135 353 2226 XXII,
380 2135 460 2234 223
497 2140 653 2214 Isidorus
677 2148 793 2212 aulem
818 2139 863 2214 de
888 2139 964 2212 dill'.
985 2137 1125 2214 verbor.
1153 2137 1249 2242 §99
1279 2173 1302 2228 j
1385 2207 1387 2230 ἦ

108 2235 280 2336 pleniores
307 2239 423 2337 adbuc
447 2240 610 2316 babuisse
634 2239 811 2322 videtur·”
1181 2313 1191 2329 ,
1316 2277 1321 2282 ·

185 2337 254 2415 lv.
296 2343 510 2442 “Reginae
523 2353 683 2418 vetustus
717 2342 828 2416 codex
860 2342 898 2414 in
935 2338 1054 2428 fabula
1086 2340 1249 2425 CXLVI

109 2439 254 2514 mutilus
281 2455 375 2536 erat,
410 2443 547 2520 dnobus
572 2442 709 2519 amissis
737 2443 842 2518 foliis.
902 2442 1036 2520 Iterum
1064 2443 1103 2514 in
1129 2444 1248 2518 sabula
1387 2457 1388 2460 ’

109 2537 192 2616 ClC
242 2542 368 2617 lacuna
410 2556 507 2639 erut,
569 2572 674 2646 quam
720 2544 941 2618 amanuensis
991 2540 1129 2642 priscus
1176 2573 1248 2623 non

109 2642 373 2718 animadvertit:
408 2649 535 2720 etenim
564 2649 602 2718 in
631 2647 760 2720 codicis·
788 2644 901 2720 media
932 2649 1060 2746 pagina
1082 2645 1137 2721 70
1168 2645 1252 2748 post'

108 2743 214 2831 verba
247 2747 395 2846 Trojam
420 2773 465 2821 ex
490 2749 680 2848 improuiso
706 2750 821 2840 uenit,
850 2746 972 2822 eodem
997 2763 1101 2824 versu
1127 2776 1248 2831 conse·

108 2847 228 2942 quitur
260 2873 305 2920 cx
342 2849 383 2922 V
379 2848 503 2924 alcuni
532 2849 640 2922 muner
655 2851 873 2952 ’[αὖνίραία,
911 2875 1002 2949 quoe
1030 2861 1126 2926 snnt‘
1141 2850 1248 2924 verba
1303 2929 1306 2934 ,

30 2950 37 2960 “
107 2946 247 3022 fabulae
279 2946 394 3054 QCV.
408 3017 420 3027 ,,
468 2953 595 3050 Itaque
630 2977 743 3051 neque
778 2949 914 3026 fabulas
952 2954 1105 3052 quinque
1141 2949 1248 3026 inter·⁴
1384 3021 1387 3028 .

46 3087 48 3092 ·
107 3060 246 3152 ceptus,
287 3077 400 3150 neque
428 3057 628 3130 sententiae
647 3053 781 3129 bialum
807 3053 971 3156 librarius
997 3055 1117 3130 sensit.
1183 3053 1248 3129 Mo

62 3213 64 3218 ,
107 3177 193 3244 vero
225 3153 289 3226 etsi
324 3164 448 3228 neutm
482 3155 610 3231 lacuna
645 3155 767 3250 latuit,
818 3181 898 3253 spes
929 3165 1049 3230 tamen
1085 3155 1248 3254 explendi

107 3251 334 3347 destituebat,
371 3256 453 3354 quia
478 3257 614 3355 plenior
637 3257 750 3332 codex
772 3283 844 3330 non
871 3254 1086 3354 suppetebat.
1148 3259 1247 3332 Eece
1335 3341 1352 3360 δ

107 3366 221 3428 autem
237 3349 341 3454 lapso
353 3367 432 3454 post
449 3358 743 3458 mptbograpbnm
759 3360 966 3457 impressum
983 3383 1076 3431 anno
1097 3356 1247 3460 (tamdiu
1272 3391 1275 3402 ·

107 3458 199 3528 enim
221 3457 302 3531 libri
325 3459 509 3540 editionem
531 3455 686 3560 distuli),
720 3458 804 3531 dnm
828 3457 998 3558 quosdam
1020 3464 1246 3538 monasterio·
1375 3505 1388 3526 s

105 3583 184 3630 rum
216 3562 446 3635 extinctorum
479 3561 620 3639 codices
652 3563 691 3635 in
721 3561 880 3634 vaticana
909 3558 1124 3638 bibliotheca·
1148 3579 1246 3638 extra
1331 3639 1335 3647 ,

35 3731 36 3734 ,
106 3659 263 3733 ordinem
298 3663 486 3744 collocatos
522 3663 613 3737 forte
650 3664 880 3764 inspicerem,
919 3661 1133 3740 'cbomaceus
1169 3692 1245 3743 sese

69 3813 71 3819 s
105 3758 230 3834 obtulit
242 3760 382 3838 saeculo
392 3764 469 3842 XV.
484 3765 775 3863 scriptuscodex,
798 3767 860 3864 qni
874 3765 965 3839 inter
977 3767 1044 3838 alia
1058 3767 1247 3866 opuscula,¹

7 3895 8 3956 ῑ
104 3862 298 3942 seeundum
315 3892 456 3967 quoqne
470 3867 777 3972 mylbogrnpbnm,
805 3868 870 3942 etsi
890 3893 999 3968 aeque
1016 3895 1249 3968 anonymum,-

73 4009 77 4016 ·
104 3964 323 4040 continebat:
361 3995 466 4068 quem
490 3995 557 4070 ego
587 3974 703 4044 stntirn
728 3995 809 4044 eum
832 3971 990 4070 Reginae
1019 3982 1157 4067 petnsto
1185 3996 1243 4045 eo·

105 4064 242 4142 diceet
268 4091 348 4140 cum
373 4070 464 4146 libro
488 4075 577 4147 meo'
593 4083 854 4172 comparatum,
867 4165 874 4180 κ
888 4098 1063 4183 nusquam
1089 4075 1245 4173 comperi
1382 4087 1388 4114 ³

47 4400 53 4408 ἱ
148 4297 176 4391 *)
206 4301 384 4372 Omisimus
406 4300 533 4374 Placidi
554 4307 680 4399 glossas
703 4331 722 4374 a
742 4299 831 4395 lllajo
854 4305 979 4419 ediles.¹
1077 4331 1084 4344 ·
