2786 4800
61 136 64 144 ’
170 165 225 242 so
373 255 374 260 a
486 164 669 284 upum.
697 152 735 256 1:
784 97 904 240 uos-
920 143 991 267 oe,

266 405 274 414 -
390 349 460 427 80.
486 295 699 454 'Tydeus
736 362 781 426 et
812 321 1081 454 Polynices.

188 555 218 579 ,a
257 495 409 588 Tydeus,
431 497 535 565 Oenlii
556 496 636 562 lilius
658 507 691 563 et
707 495 930 598 Cassiopeiae,
950 495 1117 568 Diomedis
1132 508 1232 586 pater.
1271 497 1304 565 ls

174 581 281 674 duum·
308 583 521 686 Melanippum
558 583 654 648 lilium
691 603 783 646 suum
807 581 1049 666 fruterfecisset,
1094 584 1166 652 exul
1197 586 1305 672 Argos

149 670 371 824 ol'lrlliridleset
390 665 1305 840 delgicdfiixpililiirsstoaririlrliuiriiauldiddclelpsouioe'l'ulieliii

146 783 361 930 impleant]
385 841 456 906 exul
507 861 612 926 uoque
640 835 681 902 ad
708 836 876 904 Adrastum
908 841 1000 908 venit
1059 779 1167 913 (lullum
1196 852 1304 907 autem
1380 865 1381 868 ¹

134 979 142 996 .
173 925 443 994 animadvertisset
462 865 615 992 Adrastus
636 944 840 1011 responsum,
870 922 957 1011 quod
978 925 1007 992 ei
1028 924 1137 1014 Apollo
1160 923 1304 1007 dederat,

167 1013 330 1087 -suturum,
363 1023 397 1076 ut
423 1009 501 1077 filias
526 1032 602 1076 suas
625 1006 718 1075 daret
744 1030 823 1095 apro
851 1019 884 1074 et
911 1007 992 1076 leoni
1022 1011 1114 1098 (uam
1135 1006 1328 1115 Polynices.

174 1110 207 1166 et
230 1095 365 1187 Tydeus
394 1117 503 1162 earum
532 1093 671 1162 ferarum
693 1092 826 1182 pellibus
852 1094 927 1162 tecti
955 1095 1082 1183 erant),
1118 1096 1305 1168 existumavit
1381 1161 1382 1172 ,

133 1193 250 1262 turen,
282 1183 326 1248 eis
348 1181 468 1247 debere
502 1179 580 1246 filias
619 1201 693 1246 suas
731 1179 763 1244 in
803 1178 1034 1248 matrimonium
1070 1180 1157 1248 dare.
1215 1183 1304 1249 Hinc

174 1263 346 1348 Adrastus,
380 1264 509 1333 adscitis
539 1265 656 1336 civibus
685 1263 767 1344 suis,
800 1262 950 1332 auxilium
978 1266 1039 1334 Pol
1082 1267 1124 1334 ici
1150 1268 1302 1336 adversus
1381 1265 1382 1278 ¹

170 1353 338 1426 Eteoclem
364 1351 441 1419 tulit.
483 1351 532 1417 lbi
561 1349 695 1440 'l'ydeus
721 1349 904 1418 interfectus
933 1365 990 1420 est.
1032 1289 1203 1446 llldlynioes
1230 1375 1303 1424 cum

121 1511 123 1519 ⁴
170 1440 272 1514 tratre
293 1438 409 1506 mutuis
431 1435 609 1504 vulneribus
634 1433 758 1502 cecidit.
1105 1486 1114 1502 .

344 1604 411 1681 tlt.
466 1602 772 1706 Syuiehronis
801 1618 844 1681 et
875 1602 1127 1681 Branchus.

132 1763 168 1815 lo
202 1792 205 1798 ·
261 1751 340 1820 Cius
367 1747 495 1839 quidam
523 1773 579 1818 rex
609 1773 706 1852 quum
731 1751 763 1816 in
790 1729 1047 1854 peregrinatione
1072 1749 1245 1839 pranderet
1270 1751 1341 1844 in'

75 1915 76 1918 Ἴ
172 1839 281 1917 litore,
313 1859 352 1905 ac
376 1835 494 1910 deinde
520 1839 794 1926 proficisceretur,
823 1836 936 1906 oblitus
959 1850 1009 1906 est
1032 1837 1146 1922 filiurn,
1176 1837 1303 1904 nornine

174 1924 438 2014 Synichronem„
465 1921 522 1990 llle
543 1924 686 2011 pervenit
711 1921 742 1987 in
771 1921 883 1992 saltum
908 1923 1033 2012 patroni
1057 1920 1241 2012 cujusdam
1271 1934 1303 1992 et

173 2033 271 2098 quum
294 2021 379 2076 esset
397 2029 474 2075 rece
495 2019 562 2088 tus,
584 2008 691 2100 coepit
710 2031 784 2074 cum
804 2007 883 2075 illius
902 2009 1009 2097 pueris
1029 2031 1142 2096 capras
1161 2029 1302 2097 pascere.

174 2091 348 2186 Aliquando
387 2032 618 2182 prendiderunt
655 2115 816 2182 cygnum,
864 2106 897 2162 et
933 2094 1019 2160 illum
1058 2105 1303 2182 cooperuerunt.

58 2186 61 2194 ’
131 2181 261 2250 2οΒυιιι
290 2181 350 2282 ipsi
378 2191 542 2268 pugnant,
579 2192 617 2246 ut
644 2177 729 2246 illum
757 2191 894 2268 patrono
923 2203 1036 2248 munus
1064 2181 1234 2260 offerrent,
1272 2191 1304 2249 et

174 2290 272 2355 quum
293 2287 361 2356 Jam
383 2277 489 2334 essent
510 2264 635 2352 fatigati
654 2266 843 2345 certamine,
871 2264 1114 2354 rejectorum,
1143 2266 1304 2332 mulierem

173 2354 386 2424 invenerunt.¹
410 2351 456 2419 Et
474 2373 572 2439 quum
596 2351 628 2416 fu
657 2362 761 2430 erent,
790 2351 929 2426 revocati
952 2353 993 2418 ab
1016 2373 1073 2432 ea,
1101 2352 1208 2419 moniti
1232 2352 1303 2430 sint,

175 2450 211 2506 ut
238 2449 389 2542 patronus
416 2438 512 2504 rrnice
533 2373 762 2526 Synicironem
778 2431 938 2523 „diligeret
964 2459 1106 2526 puerum.
1149 2437 1194 2502 Illi
1220 2459 1304 2524 quae
1384 2459 1385 2522 ᾗ

175 2523 352 2598 audierunt.
369 2533 507 2624 patrono
527 2520 753 2588 indicaverunt.
785 2521 882 2586 'l'unc
900 2533 1053 2608 patronus
1072 2522 1304 2613 Synichronem
1384 2539 1385 2586 3

132 2623 234 2700 supro
256 2631 315 2678 suo
337 2607 400 2674 filro
421 2609 516 2676 nimio
538 2606 645 2673 dilexit
671 2609 806 2686 affectu,
836 2605 928 2694 eique
951 2608 1045 2674 liliam
1071 2632 1160 2675 suam
1183 2607 1303 2678 ducen-

175 2695 250 2762 dam
281 2694 395 2761 locarit
426 2713 568 2761 uxorem.
626 2689 683 2771 Illa
713 2715 811 2779 quum
845 2711 1026 2781 praegnans
1058 2717 1098 2761 ex
1133 2717 1173 2760 eo
1207 2705 1303 2772 esset,

136 2847 141 2852 .
175 2779 252 2850 vidit
279 2781 319 2864 in¹
338 2781 456 2846 somnis
483 2800 543 2866 per
565 2777 675 2846 fauces
702 2801 776 2846 suas
804 2775 951 2846 introisse
978 2778 1094 2861 solem,
1113 2781 1118 2791 ’
1134 2793 1167 2848 st
1201 2779 1304 2846 exisse

175 2887 234 2956 per
254 2876 403 2933 ventrem.
444 2864 554 2932 Infans
574 2862 679 2934 editus
699 2863 773 2930 ideo
794 2864 961 2932 Branchus
986 2877 1115 2935 vocatus
1137 2877 1202 2946 est3
1230 2865 1305 2952 quia

176 2964 279 3021 mater
310 2950 377 3040 ejus
398 2972 467 3040 per
499 2951 609 3017 lauces
642 2950 703 3018 sibi
733 2949 854 3018 viderat
887 2946 919 3018 ila
952 2962 1076 3018 uterum
1109 2965 1306 3038 penetrasse.
1383 2991 1385 2996 ι

102 3103 104 3108 .
135 3038 243 3104 ³⁰Hic
263 3059 361 3124 quum
381 3035 414 3101 in
442 3035 523 3104 silvis
544 3033 897 3126 Apollinem‘osculat'us
922 3047 1024 3113 esset,
1055 3039 1304 3126 comprehensus
1382 3083 1384 3090 ,

176 3125 286 3190 catab
309 3145 366 3200 eo,
398 3132 430 3189 et
451 3123 584 3212 accepta
605 3143 724 3190 corona
746 3123 915 3210 virgaque,
945 3123 1105 3192 vaticinari
1125 3124 1246 3214 coepit,
1272 3133 1307 3189 et

176 3211 280 3276 subito
309 3228 463 3295 nusquam
492 3208 678 3311 comparuit.
722 3205 890 3294 'ternplum
917 3205 946 3270 ei
976 3207 1093 3275 sactum
1121 3223 1185 3285 est,
1215 3206 1304 3295 quod

67 3333 70 3342 ·
175 3291 472 3362 Branchiodon
493 3305 687 3360 nominatur:
714 3303 746 3358 et
766 3291 897 3379 Apollini
917 3291 1036 3378 puriter
1052 3295 1204 3382 philasia
1223 3315 1303 3361 con-

180 3395 305 3448 secrata
325 3390 398 3446 sunt
421 3381 554 3468 templa,
577 3401 660 3466 quae
681 3379 721 3442 alr
740 3378 854 3442 oscrrlo
867 3377 1019 3462 Branchi,
1046 3380 1113 3449 sire
1132 3377 1311 3452 certamine

134 3477 170 3526 ³⁵
177 3489 368 3558 puerorum,
385 3465 540 3556 philasia
563 3473 795 3553 nuncupantur.

537 3628 606 3706 82.
659 3629 949 3726 Salmoneus?

261 3766 450 3836 Salmoneus
476 3765 577 3834 Elidis
606 3787 664 3834 ror
694 3765 771 3846 suit,
809 3765 863 3852 qui
891 3763 985 3832 nimia
1017 3761 1165 3832 felicitate
1194 3763 1307 3842 elatus,

177 3862 252 3920 suos
279 3856 365 3924 cives
393 3852 578 3921 sacerdotes
604 3864 639 3919 et
660 3873 753 3918 sacra
774 3851 861 3917 Joris
884 3849 927 3916 ad
952 3848 1182 3922 sotrsnsferre
1201 3851 1306 3940 jussit,

135 3953 140 3968 ⁸
178 3941 300 4027 sibique
325 3940 494 4027 religiones
521 3936 601 4006 illius
621 3947 655 4004 et
675 3957 768 4004 sacra
791 3935 984 4023 impendere.
1013 3936 1096 4013 Hic,
1118 3948 1227 4004 vectus
1250 3961 1306 4026 per

135 4045 306 4100 toaereum
319 4039 449 4114 pontem
462 4045 569 4105 cumn,
588 4022 769 4092 imitabatur
791 4024 946 4102 tonitrua,
968 4031 1001 4088 et
1019 4019 1105 4090 iaces
1124 4024 1155 4090 in
1174 4023 1306 4091 modum

160 4111 327 4184 --l'rrlrninis.
338 4111 547 4200 jsuulubatur.
606 4113 646 4178 At
667 4106 844 4197 luppiter,
875 4129 986 4182 rerum
1007 4105 1126 4180 iulrueu
1145 4121 1308 4198 torquens,

178 4197 381 4287 praecipitem
405 4195 436 4264 iu
457 4197 597 4272 Tartara
615 4193 736 4284 adegit.
1014 4207 1016 4212 '
1124 4229 1127 4238 ·
1205 4261 1208 4266 ,
