2716 4794
362 219 545 338 huynes.
577 201 649 310 ιιι.
693 233 745 308 ι.
798 230 847 308 a.
937 204 939 210 ’
1096 183 1177 310 loa
1290 177 1293 184 ¹

69 413 102 488 da
120 416 272 506 voluptate
295 428 457 485 certarnen
478 417 638 504 fingimus.
680 415 791 485 Habet
818 415 901 492 enim
924 413 1052 497 fabula,
1081 411 1178 484 'lire-
1223 427 1229 476 Γ

66 502 125 568 siam
154 513 319 590 serpentes
351 503 432 572 duos
464 511 617 573 coeuntes
652 501 776 583 uidisse.
834 503 925 578 Quos
955 525 1054 592 quum
1085 503 1180 590 virga

62 589 273 674 percussisset,
302 589 334 653 in
364 589 515 656 feminam
536 595 676 655 mutatus
701 599 758 658 cst
800 585 886 670 'l'um
910 609 984 657 reru
1005 597 1079 677 post
1099 599 1180 656 tem·

60 675 130 760 poris
152 675 284 749 seriem,
311 676 446 762 septimo
468 673 613 743 videlicet
640 695 743 754 anno,
774 672 905 743 eosdem
927 674 1007 742 vidit
1025 695 1176 743 coneum·
1232 717 1233 722 κ

59 761 172 840 heutes,
199 759 338 827 similiter
361 771 409 825 ue
430 761 468 827 iis
499 759 677 848 percussis,
708 760 740 826 in
773 757 929 826 formam
963 760 1103 828 ristinam
1124 769 1201 827 estu

57 846 218 914 restitutus.
262 845 315 912 Ob
338 783 408 912 hoc
434 868 533 934 quum
564 845 606 912 de
628 845 916 938 amorisqualitate
936 784 1022 916 luno
1045 858 1078 915 et
1096 844 1178 939 Jup-·
1262 895 1265 900 .
1305 915 1306 926 ,

56 931 123 1016 piter
146 943 307 998 conamen
330 931 525 1012 habuissent,
546 954 621 999 eum
636 930 777 1020 judicem
800 931 978 1018 ¹elegerunt,
1006 931 1063 998 Ille
1077 931 1178 996 virum

57 1033 110 1082 tres
129 1016 242 1082 unicas
263 1017 380 1090 amoris
401 1017 538 1096 habere,
566 1039 680 1086 norem
710 1035 785 1084 vero
808 1017 956 1085 feminam
976 1015 1063 1096 dixit,
1105 1016 1178 1092 Qua
1250 1055 1252 1062 ι

56 1125 85 1166 re
101 1103 187 1168 June
205 1103 285 1168 irata
306 1101 410 1170 lumen
435 1104 470 1170 ei
492 1102 622 1170 ademit,
662 1101 816 1191 Juppiter.
839 1121 933 1182 nero,
966 1113 1013 1170 ut,
1031 1101 1060 1168 ei
1089 1101 1176 1187 quod

57 1187 217 1265 amiserat,
231 1187 428 1275 aliquatenus
450 1190 643 1264 restitueret,
665 1188 844 1256 futurorum
855 1187 885 1252 ei
899 1185 1064 1255 scientiam
1079 1184 1218 1263 ‹ledith

57 1273 188 1342 'fircsias
207 1273 315 1362 itaque
335 1275 470 1340 aestiva
487 1273 694 1361 perennitas
712 1275 956 1364 interpretatum
969 1312 972 1321 ·
986 1269 1072 1340 unde
1093 1283 1126 1338 et
1146 1273 1179 1337 in

47 1361 148 1443 ¹ligura
172 1359 324 1446 temporis
345 1361 482 1447 ponitur.
523 1359 670 1448 Tempus
690 1359 790 1463 igitur
812 1359 973 1428 mensibus
994 1356 1179 1424 hiemalibus

63 1441 135 1522 dun,
159 1443 251 1526 terris
267 1445 389 1531 frigore
402 1445 590 1526 constrictis,
611 1467 757 1532 germana
773 1443 855 1512 nulla
875 1443 1033 1535 producit,
1055 1459 1180 1510 mascu-

64 1527 135 1596 linam
166 1529 404 1617 quodammodo
438 1531 559 1599 obtinet
588 1531 731 1603 sormam.
775 1531 860 1598 Vere
887 1542 993 1597 autem
1020 1530 1179 1616 ingresso,
1214 1547 1215 1552 ’

65 1614 190 1682 annalia
207 1617 273 1707 jam
293 1615 453 1685 lasciniam
476 1618 658 1688 exercentis
679 1617 880 1685 etcobuntia
900 1614 1019 1696 videns,
1042 1615 1222 1703 percutitrs

63 1722 92 1770 cu
108 1703 214 1788 virga,
235 1700 341 1771 idest
360 1702 491 1770 ferroris
512 1716 621 1784 aestu;
642 1714 782 1792 tuncque
801 1703 833 1769 in
847 1724 964 1786 sexum
984 1700 1181 1780 femininum,

63 1785 86 1849 id
103 1801 161 1866 est,
179 1789 214 1860 in
233 1789 384 1858 aestivam
404 1789 516 1860 transit
532 1788 779 1859 fecunditatem.
804 1786 887 1855 Ideo
901 1809 977 1854 rero
998 1789 1031 1855 in
1051 1784 1183 1856 modum
1222 1815 1223 1818 ¹
1285 1787 1286 1796 ’

61 1871 192 1940 sentinae
216 1885 371 1942 aestatem
391 1874 578 1978 posuere,
598 1874 685 1963 quod
717 1877 749 1942 in
782 1897 821 1941 eo
853 1886 1001 1961 tempore
1036 1873 1183 1960 germina
1238 1887 1240 1890 ’

59 1961 150 2024 omnia
173 1959 364 2047 prodeuntia
391 1985 438 2028 sto
458 1962 523 2028 suis
545 1973 705 2050 tamquam
728 1985 748 2026 a
769 1960 991 2028 matrisutero
1013 1969 1197 2046 emergant*

57 2042 199 2112 folliculis.
243 2046 348 2112 Porro
369 2043 434 2112 duo
453 2059 527 2116 sunt
549 2049 791 2137 conceptionum
812 2036 999 2113 naturalium
1022 2049 1225 2132 temporaneo

55 2152 99 2194 rer
129 2129 279 2198 videlicet
307 2145 340 2202 et
360 2145 547 2202 autumnus.
601 2133 640 2199 ln
670 2146 822 2200 autumno
849 2129 1045 2218 igiturdum
1064 2131 1181 2198 iterum

53 2221 166 2282 coeunt
195 2216 360 2297 animalia,
388 2230 422 2286 at
448 2230 599 2287 seruntur
655 2218 791 2297 ermina,
824 2215 961 2302 percutit
993 2238 1033 2282 ea
1065 2215 1182 2284 iterum

54 2299 209 2398 Tiresias,
227 2302 271 2380 ,id
293 2313 349 2372 est
364 2314 498 2390 tempus
514 2303 582 2395 jam
604 2239 653 2370 ad
667 2304 805 2370 hiemem
826 2322 983 2402 vergens,
1002 2296 1188 2402 virgn„id

26 2454 29 2463 ,
53 2398 96 2454 est
111 2386 267 2474 fragoris
289 2388 450 2468 uredine,
481 2388 591 2478 sicque
614 2387 744 2458 taudem
763 2389 796 2456 in
818 2386 981 2475 prisonem
1002 2383 1086 2454 redn
1105 2385 1184 2452 ima-

49 2472 166 2620 pinem.
218 2476 395 2542 Autumnus
421 2473 504 2542 enim
534 2474 630 2558 adeo,
647 2487 773 2544 cuncta
797 2465 983 2560 adstringit,
1025 2481 1061 2538 ut
1089 2470 1227 2550 etiamst
1311 2501 1315 2510 ·

71 2560 169 2624 erbse
189 2556 260 2660 jam
290 2572 471 2639 marceant,
492 2562 576 2630 xsuci
604 2563 759 2634 arborum
784 2553 1005 2636 exsiccentur,
1034 2554 1109 2622 folia
1130 2578 1185 2622 oa-
1342 2561 1346 2568 '

48 2643 141 2723 dant,
158 2665 285 2732 srcque
304 2658 429 2735 tempus
451 2643 494 2713 ad
516 2647 619 2734 frigus
640 2647 774 2714 hiemale
795 2643 973 2724 declinans,
989 2642 1036 2718 ,in
1059 2642 1185 2734 mascu-

47 2727 139 2798 linam
170 2730 339 2797 revertitur
360 2730 571 2800 'sterilitatem
624 2734 697 2800 Nec
726 2735 905 2820 incongrue
935 2727 1071 2818 septimo
1101 2749 1185 2806 anno

46 2839 160 2884 sexum
193 2830 332 2885 mutasse
363 2818 487 2886 dieitur.
535 2819 686 2905 Septimo
718 2819 801 2885 enim
830 2839 940 2886 mense
957 2813 1068 2880 'solem
1100 2813 1185 2891 ‚vices
1257 2895 1262 2900 Ι

47 2904 230 2992 temporum
261 2903 384 2970 variare
415 2902 615 2971 manifestum
650 2917 708 2973 est.
764 2903 914 2990 Denique
951 2899 1076 2973 duobus
1115 2897 1229 2978 diisat

45 2987 124 3073 igne
146 3000 245 3143 atque
265 2995 358 3070 aere,
380 2987 422 3058 de
443 2987 513 3055 volu
537 2999 630 3070 tate,
642 2988 677 3056 id
691 2999 748 3059 ,est
763 2988 809 3055 de
829 2985 1059 3080 procreationis
1074 2995 1188 3059 natura

46 3074 185 3145 certanti
210 3097 280 3154 us,
301 3075 445 3142 Tiresias
460 3090 497 3142 'a
537 3077 597 3142 iter
638 3077 810 3149 uaeritur,
842 3074 1042 3164 justumque,
1077 3078 1189 3156 utpote
1253 3131 1258 3140 ,

45 3179 117 3224 rem
131 3172 294 3248 expertus,
309 3163 438 3248 profert?
442 3159 598 3249 judicium
627 3095 675 3228 ln
693 3158 922 3228 fructificandis
939 3159 1021 3226 enim
1036 3154 1188 3242 germinir

45 3245 110 3310 bus
127 3245 276 3334 triplant
296 3253 372 3316 abre
409 3269 481 3315 uam
496 3249 537 3314 ab
558 3247 569 3312 i
596 3269 636 3314 ne
650 3247 799 3316 materia
819 3245 951 3316 rorenit..
994 3235 1084 3310 Aeris
1104 3241 1187 3310 enim

46 3327 221 3401 humiditas
237 3271 484 3418 germinalovet
499 3332 531 3400 in
548 3269 661 3420 glebis,
681 3343 714 3400 et
733 3270 884 3422 producit
894 3331 927 3396 in
943 3327 1041 3409 foliis,
1062 3335 1095 3393 et
1108 3325 1231 3428 mul-35

45 3414 173 3501 tlpllqst
189 3419 222 3484 in
244 3417 406 3503 folliculis3
433 3419 521 3487 calor
545 3420 722 3506 reroignis
735 3427 896 3486 maturare
913 3427 1036 3486 tautum
1051 3412 1137 3478 norit
1157 3433 1190 3478 ιιι

48 3501 171 3584 grauis.
192 3499 262 3573 Sed
275 3527 349 3572 mon
361 3504 505 3575 Tiresias
516 3514 668 3575 caecatur
679 3505 842 3584 alunone,
855 3501 908 3569 illa
921 3501 1067 3574 videlieet
1081 3502 1190 3578 causa,

45 3585 139 3672 quod
158 3589 271 3658 hiemis
287 3601 353 3658 tem
377 3612 414 3658 us
433 3591 537 3660 nubilo
557 3592 642 3660 aa'ris
662 3591 821 3683 caligante
838 3588 1011 3676 nigrescat
1041 3583 1190 3684 luppiter
1245 3599 1246 3603 ’

45 3684 169 3756 tamen,
194 3675 327 3761 siugulis
346 3613 458 3743 diebus
471 3677 779 3766 quantuluscumque
799 3674 964 3744 hiemalem
987 3678 1190 3769 asperrtaterp
1245 3745 1248 3752 ¹

46 3755 181 3840 leniens,
198 3763 354 3830 seminum
366 3761 659 3851 satorumspondet
673 3763 782 3831 saltem
802 3775 835 3830 et
848 3760 939 3850 quasi
956 3757 1019 3847 iarn
1034 3751 1232 3841 praedictat
1253 3773 1255 3778 ’
1334 3781 1337 3789 ·

43 3859 250 3940 proventum.
294 3845 393 3916 Unde
413 3859 446 3916 et
466 3848 645 3918 futurorum
666 3849 797 3937 fingitur
817 3845 848 3913 ei
866 3844 995 3912 dedisse
1015 3839 1189 3909 scientiam

135 3933 169 4000 9.
211 3931 297 4002 Nam
317 3933 361 4002 oh
378 3934 462 4002 hauc
480 3941 548 4000 ¹rem
561 3935 657 4003 etiarn
670 3935 771 4002 lanus
790 3933 910 4002 bifrons
926 3928 1081 4018 pingitur,
1102 3923 1190 4027 quod

39 4027 81 4082 et
105 4020 269 4102 pusterla
291 4019 443 4122 respiciat
456 4032 499 4086 et
517 4019 625 4088 fotura
643 4019 848 4109 praevideat;
880 4039 978 4106 quem
1007 4023 1114 4081 tamen
1141 4010 1192 4078 alit

39 4101 150 4170 totius
173 4105 249 4172 anm
268 4103 431 4176 durannum
451 4103 701 4196 volunt,'·3quem
727 4105 759 4170 in
787 4113 926 4193 quatuor
946 4115 1093 4186 tempora
1115 4119 1193 4191 con-

9 4207 10 4210 ’
37 4197 116 4253 stat
142 4211 217 4260 esse
241 4190 399 4272 divisum,
436 4190 584 4278 ideoque·
609 4191 747 4261 eundem
776 4187 1028 4279 quadrifrontem
1049 4184 1236 4272 pingantur
1270 4221 1272 4236 =

37 4273 134 4339 Auni
148 4279 264 4348 'amem
284 4299 457 4372 cumenae.
473 4274 635 4347 domiuum
655 4299 708 4346 res
728 4276 779 4354 illa
800 4277 934 4367 prohat,
964 4269 1127 4368 queteb
1151 4290 1201 4340 co'
