2698 4804
380 266 384 296 l

108 191 133 271 ῃ
184 171 263 246 ane
467 267 468 272 q
513 173 697 316 nqamgr.
727 126 798 246 1'11.
854 172 893 247 7.
947 173 987 248 a

185 345 318 429 dicimus
348 355 414 420 sire
440 355 515 443 quia
541 366 613 444 post
641 356 808 422 sationem·
832 351 1018 422 tantundem
1032 353 1188 443 ¹>temporis
1217 349 1292 440 qnasi

185 442 284 507 latent
315 440 461 526 gramina
490 439 675 529 priusquam
708 441 830 507 fructus
850 443 1045 529 producant,
1074 443 1136 508 sire
1156 437 1239 526 quia,
1265 445 1293 501 ot

164 523 265 592 'dicit
287 525 434 603 Servius,
471 525 542 613 ipsa
573 539 622 594 est
650 525 762 591 eadem
799 549 882 613 quae
913 527 1088 604 etlruna,
1130 545 1207 613 quae
1237 529 1291 587 toto

173 613 274 676 'anno
299 609 342 675 VI
366 609 528 676 mensibus
548 611 682 694 crescit,
718 611 764 678 vl
787 608 911 698 deficit,
939 623 973 679 ut
993 633 1050 700 per
1069 608 1203 697 singulos
1222 629 1293 672 men-

167 715 244 762 sses
277 693 389 762 diebus
425 694 590 782 quindenis
629 717 779 772 crescens
812 696 899 784 apud
936 703 1087 784 superos,
1125 694 1292 758 decrescens
1337 767 1338 770 Ἴ

78 851 81 860 Χ
190 779 277 868 apud
296 780 414 846 inferos
429 803 501 847 esse
523 781 684 862 videatnr3
705 782 835 858 sinent
859 782 903 849 ait
918 781 1117 870 Fulgentius,
1136 773 1293 864 ideoapud
1329 779 1334 786 '

191 865 308 930 inlesus
331 877 364 932 et
384 879 516 952 superos
539 867 649 952 aequis
671 867 781 954 spatiis
800 866 1041 954 Proserpinam,
1063 866 1095 932 id
1117 876 1164 930 est
1181 861 1294 930 Lunam.

82 960 85 966 '
192 949 361 1030 collocant,
385 949 471 1039 quod
493 951 546 1016 die
565 951 681 1031 lateat,
711 964 806 1019 nocte
823 950 946 1033 luceat,
979 954 1089 1040 sicque
1109 971 1220 1015 annum
1239 967 1295 1011 cun
1337 1009 1338 1014 ,

193 1025 258 1104 eolo
287 1034 377 1126 quasi
405 1035 571 1102 dimidiare
597 1047 744 1122 putetur;
785 1035 850 1102 sive
881 1037 961 1120 ideo
998 1035 1221 1128 apodinleros
1250 1041 1295 1106 est,

100 1173 104 1187 ,
134 1120 282 1209 'acquod
310 1119 487 1188 secundum
526 1121 705 1207 astrologos
734 1120 829 1197 stellis
849 1125 1004 1190 omnibus
1035 1121 1174 1189 humilior
1199 1127 1296 1190 currat,

192 1219 224 1275 et
245 1207 337 1274 terris
359 1206 492 1307 praesit,
534 1203 760 1292 et'humorem
787 1208 884 1274 rebus
917 1208 1150 1289 administret,
1173 1201 1246 1270 adeo
1272 1211 1297 1264 ut
1330 1203 1333 1208 '

95 1337 103 1362 s
154 1365 158 1382 ἱ
191 1293 259 1383 qus
290 1290 481 1358 detrrmenta
514 1303 546 1370 et
579 1304 756 1383 augmenta
787 1314 850 1380 non
886 1293 988 1361 solum
1015 1294 1046 1359 in
1076 1307 1161 1362 terra
1189 1283 1297 1376 lapides,

191 1376 250 1443 sed
282 1389 315 1444 et
344 1376 548 1442 animantium
589 1379 737 1457 cerebra,
777 1389 810 1444 et
843 1378 929 1465 quod
969 1378 1074 1466 magis
1114 1377 1218 1443 mirum
1254 1382 1296 1445 etl

192 1463 286 1529 etiarn
317 1460 485 1529 laetamine
523 1464 679 1548 sentiant,
718 1485 801 1550 quae
828 1463 860 1528 in
889 1460 987 1548 lunae¹
1018 1457 1298 1548 crementis-ejecta

152 1546 381 1618 naverrniuulos
409 1545 509 1612 hortis
539 1548 727 1636 partusiunt.
780 1549 875 1636 Ipsae
904 1549 998 1616 etiam
1028 1546 1202 1616 animalium
1226 1543 1299 1608 arbo·

94 1694 99 1715 ,
193 1655 328 1719 rumque
350 1629 505 1713 medullae
527 1633 741 1719 cochleaeque
762 1634 901 1700 marinae
923 1645 955 1703 et
974 1635 1035 1701 alia
1054 1654 1119 1704 non
1137 1652 1234 1722 pauca
1256 1644 1299 1712 ptr

141 1761 160 1798 ,ι
193 1718 314 1803 luminis
336 1716 409 1804 ejus'
425 1739 591 1802 accessum
621 1731 654 1786 et
681 1740 845 1785 recessum
872 1718 1063 1788 detrimenta
1089 1731 1126 1788 et
1154 1715 1301 1804 augmenta

77 1877 84 1894 Ι
123 1867 128 1872 ,
184 1803 259 1888 pati
291 1801 514 1868 existimantur.
567 1802 702 1870 Dianam
738 1825 866 1892 qunque
905 1806 1042 1872 eandem
1080 1805 1112 1871 in
1148 1799 1301 1880 nemoribus
1338 1840 1339 1855 1

113 1915 118 1927 ·
195 1887 318 1965 volunt,
368 1887 468 1974 quod·
485 1889 636 1956 arborum
663 1900 696 1955 et
731 1889 903 1956 herbarum
938 1892 1024 1958 sucis
1062 1913 1104 1956 ex
1131 1885 1299 1955 humiditate

152 1970 485 2058 eoquamasecundum
515 1973 664 2060 physicos
691 1995 730 2040 ex
751 1997 787 2040 se
816 1972 968 2056 demittit,
997 1977 1105 2044 simili·
1131 1974 1221 2041 modo
1250 1989 1299 2034 cre-

138 2061 140 2086 '
197 2069 302 2123 oronte
334 2057 481 2125 inculcet.
535 2059 727 2125 Nemoribus
761 2059 856 2136 etiam
887 2082 1039 2148 praeesse
1062 2060 1202 2136 dicitnr,
1235 2047 1300 2142 111111(1
1337 2073 1338 2076 ’

133 2169 146 2190 ‘r
195 2143 295 2216 omnis
326 2144 450 2210 venatio
480 2155 584 2221 noctu⁴
610 2146 744 2229 maxime
772 2157 943 2246 pascatur,
985 2147 1040 2212 die
1070 2169 1148 2214 vero
1185 2139 1300 2224 dormiat

194 2227 274 2294 Ideo
296 2239 401 2296 autem
430 2229 555 2296 Lunam
586 2228 665 2296 dicit
697 2227 820 2312 'l'nllrus
848 2229 985 2299 Dianam
1019 2231 1214 2320 nuncupari,
1266 2221 1301 2320 td?

194 2327 292 2379 noctu
315 2313 511 2402 quasidiem
534 2314 670 2396 officiam
702 2313 776 2380 ideo
805 2327 911 2382 autern
935 2337 1006 2384 eam
1030 2317 1080 2384 ¹ad
1101 2326 1217 2407 *partus
1236 2248 1302 2378 allu-

153 2399 281 2479 2⁵lteri,
316 2398 404 2550 quod
432 2399 471 2468 xhi
506 2395 561 2467 aut
580 2399 642 2468 VII
661 2401 915 2488 nonnumquam,
955 2413 1011 2470 eut
1044 2426 1125 2469 vero
1147 2401 1303 2506 plerumque

165 2519 171 2547 ,·
196 2507 307 2550 novem
339 2505 420 2550 uuae
441 2485 585 2552 cursibus
608 2496 838 2567 maturescant3
873 2487 927 2573 qui
955 2508 1071 2556 cursus
1105 2511 1181 2578 qma
1200 2498 1305 2553 menta,

75 2643 81 2651 ‚
195 2569 311 2658 inquit,
347 2569 450 2635 satia
471 2570 658 2643 conficiunt,
690 2593 821 2634 menaea
850 2571 1084 2640 nominantur.¹
1157 2568 1160 2582 ¹

246 2693 249 2707 ,
279 2654 310 2720 3.
354 2591 459 2720 lior-ro
480 2653 713 2744 Endymionem
735 2666 896 2743 pastorem
933 2660 974 2723 ob
1000 2659 1065 2724 hoc
1091 2659 1188 2724 Luna
1206 2663 1305 2719 amasse

195 2740 346 2826 lingitur,
376 2739 472 2827 quod
486 2738 536 2805 hio
557 2739 676 2828 primus
695 2761 824 2806 cursum
854 2741 948 2810 lunae
978 2741 1211 2832 deprehendit;
1232 2730 1307 2800 ‘unde

151 2835 230 2914 utet
259 2824 354 2892 XXX
400 2847 499 2892 annos
530 2848 605 2892 cum
630 2825 681 2892 illa
708 2825 823 2892 dicitur
855 2827 1041 2908 dormisse,
1065 2853 1150 2918 quos
1176 2829 1221 2908 in
1238 2818 1306 2908 hujus
1337 2859 1338 2869 ¹

167 2913 241 2978 ,rei
275 2909 476 2999 inquisitione
510 2910 699 2980 consumsitl
748 2912 823 2980 Sive
853 2912 929 2978 ideo·
956 2916 1095 3000 pastoris
1124 2901 1307 3002 Endymionis

195 3018 306 3062 amore
337 2995 438 3062 fertur
465 2997 596 3076 arsisse,
627 2997 715 3086 quod
744 3000 890 3067 nocturni
912 3001 993 3064 roris
1024 2999 1162 3079 humor,
1181 3007 1307 3084 quenlss
1337 3065 1338 3070 ,

194 3082 268 3146 luna
291 3081 393 3168 creari
415 3071 511 3172 ajunt,
532 3083 707 3150 animandis
728 3083 898 3152 herbarum
920 3087 1005 3150 sucis
1027 3085 1167 3170 inlusus,
1190 3091 1309 3172 pastura·

93 3178 106 3263 ’Ὦ
190 3167 274 3236 libus
295 3166 462 3256 plurimum
482 3169 584 3256 prosit
606 3168 815 3235 successibus.
858 3171 969 3236 Habet
991 3169 1309 3250 fabatayauaeonen

88 3270 104 3335 ,ς
166 3252 349 3320 35οἰ111111111
362 3277 398 3320 se
418 3254 573 3320 lavantem
595 3254 726 3334 vidisset
760 3267 793 3320 et
814 3258 854 3321 ab
877 3279 915 3320 ea
936 3255 966 3320 in
989 3271 1123 3322 cervum
1146 3248 1310 3330 conversum

87 3352 98 3370 ·
195 3361 284 3418 esse,
305 3350 338 3406 et
358 3362 387 3419 a¹
400 3339 530 3406 canibus
552 3339 627 3416 suis,
650 3363 723 3405 enm
745 3361 807 3404 non
829 3342 1091 3427 agnoscentibus,
1117 3342 1310 3427 dilaceramu-

15 3445 19 3454 ·
74 3469 78 3475 -
128 3448 129 3458 ¹
170 3423 310 3492 fllelert
333 3436 438 3492 tamen
460 3424 667 3509 Anaximenes
703 3425 736 3488 in
756 3424 853 3506 libro,
886 3449 950 3514 quo
972 3426 1014 3491 de
1034 3419 1173 3514 picturis
1202 3422 1261 3506 anti
1279 3432 1311 3510 1111ι

8 3565 13 3586 ,
195 3506 362 3584 disseruit,
405 3513 599 3577 Actaeonem
618 3509 830 3577 ‘venationem
860 3512 1027 3598 plurimum
1051 3511 1222 3578 dilexisse.
1262 3443 1312 3575 llll

90 3593 93 3606 ’
195 3615 293 3698 quum
329 3593 370 3662 ad
402 3605 559 3662 maturam
589 3594 783 3683 peruenisset
811 3609 965 3676 aetatem,
1001 3597 1216 3664 consideratis
1243 3605 1312 3656 venr-

153 3692 316 3748 antronnna
346 3677 512 3767 periculis,
556 3683 645 3767 quasi
672 3679 790 3762 nudam
818 3683 896 3748 artis
920 3705 999 3748 suae
1027 3685 1191 3750 rationem
1221 3677 1317 3745 ridens,

146 3813 151 3820 .
196 3765 324 3856 timidus
348 3765 450 3864 lautus
482 3774 532 3834 est
569 3778 602 3834 et
624 3766 713 3854 quasi
738 3789 794 3832 cor
816 3767 900 3834 cervi
919 3767 1048 3834 habeus.
1092 3767 1196 3833 Unde
1218 3767 1316 3834 Home·

161 3873 273 4002 “iiiia
309 3849 470 4002 ueErbipplpae,
501 3849 623 4001 otpolrpcp⁸
643 3851 742 4001 cfcnnis
773 3851 929 4005 imbeliw't
953 3865 987 3918 et
1004 3873 1074 4006 tcor
1101 3833 1319 4000 cervi-mxl

416 3959 569 4002 umrea
615 3960 624 4002 ι
670 3958 771 4001 uere
832 3960 983 4004 aecum
1019 3957 1223 4004 amenoau

195 3959 330 4102 diunisii,
368 4043 448 4111 quos
480 4021 614 4090 inaniter
652 3957 814 4110 Paicend'o
855 4045 980 4089 omnem
1015 3961 1230 4089 substantiaim
1265 4030 1319 4111 pel·

8 4117 9 4192 l
154 4105 293 4187 radiata
332 4108 374 4171 ob
405 4129 500 4196 quarn
522 4129 590 4175 rem
612 4131 631 4172 a
655 4109 786 4176 canibus
823 4108 938 4176 dieitur
956 4106 1175 4182 devoratus(
1226 4098 1321 4172 Perd1·

197 4213 267 4268 cem
303 4213 432 4282 quoque
468 4193 570 4283 primo
609 4191 750 4275 Dianae,
780 4193 910 4306 (deinde
946 4195 1069 4264 incesto
1107 4194 1224 4263 matris
1263 4201 1320 4256 suar
