2786 4800
492 203 843 262 -rnoornrun¹
1009 255 1015 266 .
1102 213 1212 294 ,nvn

86 374 285 466 seriptomm
315 371 452 444 endem
487 397 543 444 res
573 373 788 444 nai-rautium
829 325 1002 446 suminus·
1022 371 1212 448 censensus
1274 401 1279 414 ‘

85 473 183 546 uliam
206 469 310 544 habet
334 475 369 544 in
396 473 463 544 irae
488 467 689 570 quaestidne
713 475 802 560 vim,
844 474 1065 548 Lactantium
1092 475 1216 550 Placia

84 576 183 664 dum,
210 576 271 670 qm
297 570 515 677 Argumenta
538 573 863 670 Metamorphosesin
891 575 1009 648 Ovidii
1037 588 1073 648 et
1097 577 1211 651 Scho-

85 678 126 748 lia
151 676 202 750 ad,
219 678 322 748 suoi
348 675 564 750 'Pheiraidem
590 688 626 748 et
652 673 885 752 Acitillcidern
914 677 1082 768 confecit,
1109 695 1212 752 nosse
1315 739 1329 756 .

83 789 236 885 oportet,¹
268 776 423 874 adeoque
444 791 522 874 post
546 777 732 850 Boethium
758 775 916 851 floruisse
940 765 1119 875 probaiiile
1144 794 1209 873 est,

82 905 161 951 num
186 878 275 972 idem
305 899 429 951 nomen
454 889 555 951 secte
579 877 771 971 tribuatur,
804 904 848 952 ex
883 876 971 963 solax
987 883 1052 952 ista
1077 884 1211 982 epigra-

81 980 167 1080 phe,
193 982 337 1078 quaein
361 978 430 1051 tine
452 979 532 1052 libri
559 979 701 1054 secundi
725 980 873 1079 legitur,
902 981 960 1054 vix
985 993 1098 1078 potest
1123 983 1212 1082 diju-

81 1081 198 1154 drenri.

118 1261 127 1274 ‘
178 1236 399 1308 Lactantiuur
427 1263 509 1310 vero
538 1235 727 1309 Placidum
761 1233 917 1328 secundi,
938 1239 1051 1336 operis
1076 1238 1214 1337 mytho·
1327 1263 1338 1283 f

79 1336 182 1438 logici
207 1349 382 1411 auctorem
410 1365 485 1410 csse
513 1341 708 1436 suspicatur
733 1333 877 1436 Maius,
913 1340 989 1412 solo
1016 1338 1213 1412 titbnlarnm
1250 1359 1253 1390 ³

80 1459 249 1517 consensu
274 1436 413 1512 ductus.
468 1438 521 1514 At
545 1439 601 1518 iric
628 1441 801 1513 Lactantii
827 1465 1019 1514 consensus
1045 1468 1117 1514 nou
1143 1454 1213 1512 tam
1276 1469 1279 1476 ⁴

78 1543 122 1613 nd
146 1539 436 1642 mythographum
462 1542 653 1617 secundum
674 1544 835 1638 pertinet,
860 1567 963 1640 quarn
990 1542 1034 1613 nd
1063 1545 1213 1644 primum

77 1643 215 1734 issntn,·
247 1668 349 1739 quem
392 1644 578 1744 Hyginum
615 1654 741 1736 vocat3
793 1642 894 1742 cujus
926 1645 977 1716 rei
1011 1641 1214 1746 argumenta

77 1745 310 1819 commentarii
334 1748 441 1816 nostri
467 1746 552 1816 satis
578 1744 685 1826 inulta
711 1743 897 1842 exhibent,
934 1747 1050 1845 itaque
1077 1745 1135 1818 hic
1160 1772 1213 1818 re·

74 1857 207 1946 petere*
227 1844 307 1918 nolo
341 1871 430 1942 quac
470 1846 541 1924 illic
580 1845 673 1918 ultro
703 1872 752 1923 ·se
782 1847 944 1920 oderunt.
1006 1847 1048 1919 ln
1092 1847 1215 1920 oculos
1245 1841 1255 1928 ’Δ

75 1959 189 2020 autem
222 1949 394 2036 incurrit,
440 1961 624 2044 utrumque
665 1946 959 2046 rupthopraphum
986 1949 1043 2024 vel
1076 1949 1214 2022 eosdem

76 2050 188 2122 lentes
210 2059 374 2120 secutum
408 2075 505 2140 esse,
542 2049 598 2121 vel
631 2075 693 2120 sua
727 2049 900 2138 derivasse
926 2048 1072 2122 alterum
1098 2079 1141 2122 ex
1164 2051 1214 2121 al·
1299 2099 1314 2126 t

28 2232 30 2254 ,
75 2167 161 2223 tero.
214 2149 290 2222 Nec
315 2147 521 2248 Fuigentius
548 2176 631 2223 sane
648 2152 785 2246 utrique
804 2153 945 2248 ignotus
961 2151 1040 2223 suit.
1095 2151 1215 2240 Quare

76 2251 133 2322 hic
159 2253 259 2324 etiam
285 2263 360 2323 erat
395 2253 431 2324 in
468 2251 659 2326 subsidium
688 2249 888 2344 vocandus,
931 2251 1030 2349 cujus
1067 2252 1217 2344 subsidii

76 2377 243 2450 quaenam
269 2356 314 2425 sit
341 2355 449 2447 ratio,
480 2351 584 2453 paulo
607 2353 751 2426 inferius
781 2364 1013 2452 exponetur..

31 2506 38 2518 '
177 2502 276 2593 Quae
301 2501 420 2598 itiajus
445 2500 631 2599 deinceps,
657 2499 838 2572 Harlessio
864 2497 972 2594 duee,
1005 2501 1048 2574 de
1073 2501 1213 2593 Tullio,

73 2614 192 2701 utpote
214 2607 274 2700 qui
306 2603 598 2724 mpthopraphum
630 2602 820 2675 secuudum
854 2604 891 2674 in
924 2597 1081 2676 aedihns'
1103 2604 1217 2676 isaaci
1342 2620 1345 2630 ’

72 2705 216 2794 Vossii,
259 2691 466 2776 Cirrrstinae
485 2703 680 2778 Succorum
720 2707 860 2803 reginae
882 2703 965 2777 olim
989 2705 1215 2778 bibliotheca-

72 2809 151 2899 rio,
191 2805 396 2902 inspexerit,
444 2803 617 2904 disputat,
662 2831 732 2878 non
770 2808 855 2878 satis
895 2819 1056 2878 accurate
1091 2807 1216 2882 tradita

70 2919 167 3000 sunt.
223 2907 362 2980 Etenim
399 2908 538 2980 Toiiius
576 2909 649 2980 ilie·
672 2911 706 2978 in
752 2903 922 2981 norisne
963 2906 1214 3007 Palaephatum

71 3007 127 3108 (p.
168 3006 265 3109 149.)
302 3013 382 3088 nite,
426 3007 713 3108 “Corn-iposspe.
755 3007 861 3108 Futg.
890 3007 940 3102 2,
974 3007 1026 3081 17
1067 3037 1105 3108 ρ,
1133 3007 1216 3080 693

69 3107 196 3210 sur.)
221 3131 278 3186 en
290 3099 490 3210 mytirnlngo
515 3135 708 3209 anonymo,
734 3109 864 3182 inedito
885 3108 1012 3209 (myth.
1036 3110 1089 3204 11,
1119 3107 1217 3209 107)

70 3215 141 3287 viri
170 3211 383 3304 celeberrimi
410 3224 444 3285 et
469 3212 621 3311 egregii,
646 3212 758 3284 Isaaci
791 3211 924 3285 Vossii.
978 3211 1139 3311 Scriptor
1158 3210 1230 3283 ille.
1360 3271 1363 3278 ,

69 3315 247 3393 recentior
276 3327 327 3387 est
366 3315 572 3414 Fuigentio,
611 3338 631 3384 a
662 3339 733 3411 quo
765 3310 895 3406 multe,
939 3326 979 3387 ut
1008 3328 1043 3386 et
1076 3313 1214 3404 Servio,

71 3415 263 3506 desumit,
305 3416 414 3488 multo
444 3441 527 3490 vero
551 3417 726 3514 antiquior
759 3406 909 3487 Aterion
942 3412 1151 3512 philosopho
1182 3424 1219 3485 et

68 3516 187 3614 magis
209 3517 395 3610 Boccacio,
423 3519 483 3615 qni
511 3543 553 3589 ex
578 3543 620 3590 eo
644 3517 751 3590 multo
774 3527 856 3588 sunt
878 3516 1064 3589 mutuati.”
1117 3514 1217 3586 Idem

67 3616 215 3692 Tollius
241 3617 293 3718 (p.
320 3617 418 3719 156)
444 3646 464 3692 e
496 3617 671 3718 mythegr.
708 3617 769 3710 ll,
797 3612 878 3689 122
901 3617 958 3691 vel
984 3619 1025 3708 Ι,
1053 3615 1119 3688 45
1135 3641 1217 3716 sup·

65 3717 146 3819 piet
169 3720 285 3793 Servii
316 3721 431 3794 lecum
466 3709 564 3824 (Au
583 3719 631 3812 6,
657 3716 740 3821 id),
781 3729 820 3793 ut
843 3718 970 3818 legitur·
1001 3719 1036 3788 in
1070 3732 1218 3816 utreque

65 3821 196 3897 codice
221 3819 509 3920 Guelferbytaum
534 3820 578 3896 de
592 3848 673 3919 Ι(Ῑιιο
699 3818 803 3919 panio
829 3832 908 3918 post
934 3847 1010 3890 sum
1037 3818 1216 3910 diuturns3
1322 3858 1328 3868 ·

64 3937 100 3998 et
130 3925 187 4022 (p.
217 3920 313 4016 221)
332 3927 474 3998 'recitat
507 3949 527 3995 e
563 3922 739 4024 mythogr.
774 3921 836 4013 ll,
853 3969 858 3982 ·
874 3915 953 3991 168
981 3919 1139 4010 ,fabulam
1175 3921 1218 3992 de

65 4025 235 4115 Glauco,
268 4051 372 4122 quam
406 4035 584 4124 comparat
610 4049 692 4097 eum
724 4023 828 4098 Serv.
868 4019 911 4092 ad
944 4018 1013 4118 Ae.
1044 4021 1093 4116 5,
1118 4021 1238 4094 825..
1336 4053 1340 4064 ·

65 4128 170 4200 Usus
196 4128 346 4225 denique
370 4139 425 4203 est
445 4127 585 4202 Tettius
622 4130 673 4223 (p.
701 4121 797 4220 165)
821 4122 917 4222 apud
949 4125 1097 4198 eundern
1125 4125 1217 4198 Ves-

64 4229 166 4302 sium
193 4226 339 4306 Alitrici¹
359 4228 479 4307 codiee
503 4227 615 4306 muln
640 4226 846 4328 integriore,
884 4251 990 4338 quam
1014 4227 1216 4316 itinerum,
