2698 4804
179 179 274 256 ssa
447 115 630 282 managa
665 182 736 254 ιιι.
781 121 878 290 ra(
911 181 1075 255 s-s.·

228 421 232 428 .
269 363 378 431 Nune
398 361 465 429 den
485 362 642 452 linigero
672 356 801 434 colitur
821 365 1041 434 celeberrima
1064 357 1172 436 turbu.
1199 415 1200 425 ,
1230 441 1242 450 „
1317 385 1322 392 ·

149 530 152 533 ,
184 452 230 522 Et
252 450 332 517 libro
355 449 397 517 de
417 449 525 516 Fastis
555 449 617 517 nit:
704 461 707 470 '
956 467 959 472 ’
1242 466 1245 474 ’

276 533 317 602 V
311 539 406 602 occu*
417 534 464 601 sir
486 556 534 596 un
556 544 695 614 taurus,
717 558 784 599 uon
806 549 857 602 eet
874 551 1072 626 cognoscere
1092 541 1287 622 prorupturam

187 620 263 710 quia
283 620 370 707 prior
393 640 467 708 pars
488 616 646 710 ridetur,
660 623 817 706 posterior
838 645 914 688 vero
937 647 999 690 nou
1019 622 1145 696 videtur.
1167 619 1287 702 ¹becun-

168 709 271 776 6dum
291 704 454 793 physicam
476 702 523 772 soi
546 702 664 778 dicitur
684 727 757 770 esse
768 706 806 770 in
829 708 954 789 Tauro,
977 709 1049 797 quia
1068 720 1142 795 tpnc
1160 701 1288 788 incipiunt

185 793 314 858 labores
342 790 444 866 tauris
481 787 530 854 rei
558 789 633 876 quia
653 788 748 862 sieut.
770 801 879 866 taurus
902 817 961 884 per
981 815 1101 862 cornua
1122 787 1225 856 sortior
1243 798 1305 860 est·

186 878 231 946 ita
253 875 300 944 soi
321 886 399 943 tuuc
419 873 528 962 incipit
548 883 620 940 esse
641 873 820 943 ferventior.
1010 931 1012 936 .
1326 925 1327 934 ,

272 960 306 1026 3.
346 960 497 1112 Juppiter
527 960 699 1028 concubuit
736 983 809 1028 cum
831 961 979 1030 bedain
1001 961 1106 1052 specie
1127 954 1232 1046 cygni,
1261 973 1289 1016 er

188 1069 253 1134 qua
273 1045 387 1133 genuit
429 1067 470 1111 uo
491 1059 575 1128 ora3¹
605 1056 698 1112 etex
726 1069 790 1111 uno
813 1058 907 1116 natae
941 1061 1017 1117 sunt
1044 1045 1164 1114 Helena
1184 1053 1214 1107 et
1231 1037 1290 1124 Cly·
1326 1045 1327 1124 1

146 1143 378 1212 lotemnestra,
399 1154 438 1198 ex
460 1128 520 1196 alio
541 1129 606 1198 nati
622 1141 702 1198 sunt
722 1131 834 1199 Pollux
856 1143 889 1201 et
910 1135 1050 1214 Castor,
1069 1155 1089 1220 q
1110 1131 1122 1194 i
1141 1121 1290 1218 peritissimi
1326 1131 1327 1168 ¹

188 1231 223 1286 et
241 1217 421 1307 probissimi
454 1217 662 1318 imperatores
691 1216 821 1285 suerunt
851 1217 882 1283 in
909 1219 1058 1286 Graecia.
1141 1227 1196 1282 uas
1215 1210 1290 1274 etian
1326 1289 1327 1292 Ἴ

102 1320 107 1326 ·
172 1304 267 1370 ‘filius
290 1303 404 1391 Zetypi
426 1299 554 1381 rustici,
588 1301 745 1367 Phoeben
765 1302 886 1372 scilicet
906 1315 939 1372 et
958 1303 1150 1371 Molirsenam
1170 1297 1197 1364 ri
1216 1314 1291 1380 cepe-

186 1402 265 1458 runt
280 1386 361 1454 ldae
382 1399 415 1455 et
435 1384 564 1454 Sioidae
586 1381 735 1454 fratribus
754 1398 898 1476 tempore
927 1389 1127 1478 nuptiarum3
1158 1404 1230 1472 quas
1246 1377 1290 1466 ipsi

163 1473 265 1542 ·ldas
287 1485 320 1542 et
338 1471 463 1539 Sioidas
487 1470 591 1538 eidem
613 1472 740 1560 Zetyo
762 1486 958 1561 rapuerant„
991 1474 1075 1543 Inde
1100 1481 1167 1538 ortu
1193 1467 1290 1532 discor-

148 1560 244 1626 1⁵dia
263 1560 347 1626 inter
368 1580 446 1638 eos,
462 1565 608 1625 mortuus
629 1565 678 1624 est
716 1556 773 1626 das
794 1571 828 1626 et
849 1583 1021 1647 percussus
1041 1568 1092 1627 est
1108 1559 1232 1630 Castor,
1251 1546 1291 1634 qui
1326 1549 1327 1596 i

189 1668 288 1736 quum
313 1654 399 1711 esset
426 1641 585 1723 mortalis,
623 1643 744 1732 periit·
782 1643 910 1713 interea
949 1667 1048 1734 quum
1077 1643 1173 1714 frater
1199 1635 1288 1704 Potius

190 1745 277 1799 esset
296 1728 497 1809 immortalis,
531 1739 565 1795 et
587 1728 619 1793 in
634 1727 691 1814 ,iiia
722 1727 844 1796 idcirco
864 1731 940 1797 ¹rina
969 1753 1034 1798 non
1061 1732 1144 1798 esset
1164 1735 1307 1796 mortuus

92 1835 94 1838 ·
190 1817 334 1905 fraterpa
352 1813 471 1900 pietate
489 1812 616 1899 rogarit
639 1813 752 1880 Jorem
771 1827 897 1904 patrem
919 1839 1033 1900 suum,
1062 1825 1099 1886 ut
1119 1823 1221 1906 posset
1237 1825 1291 1895 par·

96 1949 100 1964 ,
189 1902 242 1968 tiri
264 1900 358 1967 vitam
380 1897 572 1966 cumfratre
592 1920 661 1965 suo.
714 1901 767 1966 Ex
788 1923 860 1988 quo¹
881 1901 1003 1968 alterna
1030 1900 1163 1969 statione
1193 1907 1292 1980 semper

89 2069 92 2081 .
148 1987 225 2054 2⁰in
247 1986 337 2053 caelo
351 1999 435 2082 ppus
457 1983 861 2074 apparatissimum,
888 1986 968 2054 alter
982 1989 1022 2056 ¹in
1045 1985 1122 2069 alia;
1150 1980 1194 2050 rei
1210 1990 1240 2046 ut
1257 1972 1291 2040 ali
1326 1969 1327 2014 i

191 2072 318 2153 dicunt,
340 2093 422 2138 unus
445 2079 510 2137 stat
530 2070 562 2136 in
578 2069 696 2160 caelo,
722 2071 801 2139 alter
823 2072 980 2159 mergitur
1000 2074 1034 2140 in
1057 2091 1216 2138 oceanum.
1251 2056 1291 2128 Sol

192 2159 310 2225 dicitur
330 2158 363 2224 in
385 2151 538 2253 Geminis,
580 2157 632 2223 uia
652 2157 682 2222 iu
705 2156 847 2246 quolibet
866 2158 892 2224 si
920 2171 1033 2226 uorum
1048 2157 1097 2226 soi
1116 2139 1180 2226 sui
1196 2161 1291 2222 mutum

191 2265 252 2335 per
272 2241 370 2310 XXX
391 2242 479 2324 dies,
510 2241 568 2328 in
598 2241 708 2310 eminis
730 2265 804 2309 vero
827 2265 885 2330 per
936 2243 1044 2310 XXIL
1069 2304 1071 2314 r
1209 2241 1212 2250 ’

276 2331 308 2397 4.
351 2329 460 2404 Quum
490 2326 639 2395 Chironis
678 2327 778 2410 filius,
817 2351 916 2416 nepos
943 2329 1083 2396 'Saturni
1110 2336 1144 2396 et
1166 2319 1293 2408 Philyres,

150 2414 281 2516 2⁵juxtp
303 2436 392 2481 mare
410 2413 576 2493 transiret,
608 2413 767 2500 quendum
788 2435 938 2479 canorum
958 2414 1134 2492 immensae
1163 2403 1293 2494 magnitu·

194 2502 276 2568 diuis
319 2499 380 2566 ede
401 2498 550 2578 calcarit,
567 2499 635 2585 'qui
655 2520 729 2566 eum
751 2498 970 2566 miserabiliter
989 2501 1099 2582 laesit;
1138 2505 1172 2565 et
1190 2490 1316 2560 courer·'

151 2624 154 2632 ·
193 2609 251 2656 sus
273 2523 394 2652 Ciriron
413 2583 550 2670 ,sagittis
579 2604 732 2650 cancrum
758 2586 933 2686 percussit,
970 2586 1133 2675 titiumque
1156 2571 1293 2668 expedivit·

192 2671 232 2738 In
273 2671 363 2760 cujus
399 2666 583 2738 memoriam
600 2689 729 2742 ‘cancer
759 2670 809 2736 die
842 2671 1011 2739 translatus
1053 2685 1104 2740 est
1134 2669 1164 2734 in
1190 2661 1294 2757 caelant,

76 2771 80 2788 '
195 2757 365 2843 factusque
385 2755 513 2843 signum
534 2751 681 2822 caeleste.
704 2753 780 2821 “Sol
802 2755 918 2830 dicitur
940 2757 1012 2824 esse
1031 2757 1066 2824 in
1087 2759 1222 2825 Cancro,
1239 2763 1294 2833 qua

153 2843 282 2910 ansteus
301 2841 355 2928 hic
375 2851 525 2928 gressum
548 2837 591 2906 ad
612 2850 783 2929 utramque
808 2854 931 2930 partem
961 2841 1060 2910 habet
1080 2853 1155 2909 ante
1174 2849 1205 2904 et
1221 2843 1294 2912 rettb

194 2927 242 2994 sic
257 2924 315 3004 soi,
339 2937 436 3015 quum
456 2924 501 3009 ad¹
514 2925 675 2993 Cancrum
691 2926 825 3006 accedit,
835 2949 968 3016 semper
983 2927 1205 3016 progreditnr3
1222 2935 1295 3006 quun

195 3035 271 3082 vero
293 3024 343 3079 est
364 3013 396 3077 in
417 3013 556 3090 Cancro,
577 3013 769 3093 retrocedit,
790 3023 824 3083 et
846 3014 927 3080 nitra
948 3012 1103 3102 progredi
1124 3033 1186 3078 non
1207 3008 1316 3094 potest.

279 3099 309 3164 5.
352 3095 477 3186 Rustici
497 3097 529 3162 iu
551 3095 695 3164 Nemaea
716 3085 792 3164 silva
810 3097 923 3165 Joreru
950 3110 1156 3202 spernentes,
1177 3090 1296 3162 uoiebant

195 3182 225 3248 ei
245 3183 437 3276 sacrificare.
480 3180 576 3249 Unde
598 3182 746 3270 anpiter
764 3183 863 3250 iratus
896 3182 1022 3252 immisit
1049 3185 1087 3251 iis
1122 3181 1238 3249 leonem
1255 3171 1295 3237 iffi·

150 3283 326 3336 anmeusae
360 3267 605 3356 magnitudinis,
643 3268 697 3355 qni
738 3267 842 3335 omnia
870 3291 947 3334 eoru
1017 3272 1101 3336 bona
1131 3259 1296 3336 devastabat

159 3440 164 3451 ,
192 3355 238 3422 Et
266 3376 363 3441 quum
398 3354 530 3442 penuria
564 3353 709 3441 oppressi
737 3365 859 3432 essent,
898 3294 1026 3422 taniam
1056 3355 1141 3435 venit
1167 3341 1297 3439 Hercules

97 3458 100 3465 “
126 3521 128 3529 ¹
192 3453 405 3508 monstrorum
427 3438 574 3516 domitor,
593 3437 649 3527 qui
665 3438 767 3525 ipsum
787 3438 963 3508 interiecit:
985 3452 1018 3508 et
1038 3441 1206 3510 transistus
1225 3439 1265 3497 nst
1277 3441 1297 3487 ¹¹¹

194 3525 333 3608 caelum,
352 3537 386 3617 et
404 3547 444 3590 ex
466 3547 505 3600 eo
527 3524 648 3591 factum
667 3521 794 3610 signum
807 3524 954 3593 caeleste.
998 3524 1057 3610 Sui
1068 3525 1185 3613 dicitur
1202 3537 1262 3586 esse
1277 3511 1297 3573 it

50 3687 55 3713 ,
180 3611 317 3697 Leone,
336 3611 505 3700 qniasiout
517 3610 568 3676 ieo
590 3608 777 3676 furibundus
793 3621 851 3690 est,
872 3611 919 3678 sic
933 3634 1030 3699 qurum
1043 3610 1163 3700 soipor
1175 3601 1244 3694 iilud
1256 3596 1297 3696 dt·

135 3698 294 3774 accurrit
322 3699 467 3784 signum,
505 3695 723 3762 vehementem
750 3694 869 3764 mundo
889 3693 1000 3764 caloris
1018 3697 1190 3770 ¹servorem¹
1210 3681 1299 3756 reddt

152 3809 156 3817 “
278 3785 309 3850 6.
329 3783 452 3864 Icarus,
470 3781 622 3849 sacerdos
634 3779 767 3861 Bacchi,
781 3787 821 3848 ‘et
835 3779 1033 3851 Atheniensis
1046 3805 1114 3858 res,
1134 3792 1168 3847 et
1187 3775 1299 3866 optim}

133 3889 135 3892 ·
193 3882 342 3949 venator,
374 3891 473 3957 quum
494 3867 599 3938 riuum
618 3865 744 3934 rusticis
772 3878 887 3954 potare
917 3867 1077 3952 dedisset,
1116 3866 1159 3933 iiii
1178 3853 1300 3932 inebriat

164 3967 166 3970 ’
192 3966 341 4045 putantes
367 3977 404 4027 se
436 3975 590 4021 venenum
612 3946 779 4038 sumsisse,
816 3952 918 4054 ipsum
945 3952 1194 4032 interfecerunt;
1224 3957 1254 4012 et
1275 3944 1300 4003 ui

193 4041 308 4133 scelus}
321 4041 451 4124 lateret,
484 4039 516 4104 in
538 4049 669 4128 puteum
700 4036 995 4188 praecipitauerunt'.
1041 4035 1203 4104 Canicula
1232 4045 1300 4098 reru

102 4201 103 4204 Ἴ
153 4144 278 4278 inguae
299 4148 371 4192 uum
393 4146 432 4190 eo
450 4136 542 4204 erat,
571 4145 699 4193 reuersa
721 4130 789 4190 est*
815 4146 922 4201 omum
949 4123 990 4192 ad
1013 4119 1208 4211 Erigonem,
1224 4127 1301 4209 gquap
1326 4133 1327 4186 i

217 4213 282 4278 icto
301 4223 351 4278 est
371 4208 433 4276 filia
455 4209 553 4300 ipsius
569 4207 674 4303 litati,
695 4230 737 4296 uc
756 4206 883 4282 tristitia
896 4219 936 4306 ¹ei
958 4211 1074 4318 quibus
1094 4205 1201 4302 potuit
1218 4202 1298 4288 eigil!
