2698 4804
99 297 104 306 ι
177 189 263 266 aot
521 184 702 286 managa
731 183 802 256 ru.
857 182 897 256 a.
951 175 1114 253 o-ro.

112 401 117 410 2
165 367 387 438 'Romauisin
418 387 503 448 anpo
531 365 649 434 tributa
676 366 891 432 mittebantur.
943 363 1107 454 paramus
1133 352 1143 418 i
1166 353 1222 430 'tur
1246 351 1280 415 ob

154 511 157 516 ,
179 456 347 532 fulminum
367 459 512 519 naturam
532 450 692 538 infigura
713 451 831 528 Leonis
877 448 991 530 obitur,
1012 443 1095 536 quod
1116 464 1136 508 a
1171 437 1281 505 modum

119 539 151 618 ”,
181 541 318 610 fulminis
340 539 446 620 omnia
460 536 660 626 'penetrantis
691 538 788 617 ardor
816 473 911 604 solis.
938 533 1106 623 piaecipue
1123 522 1238 614 quando
1256 521 1280 584 in

123 693 128 699 .
181 629 296 694 Leone
309 636 367 706 est,
391 645 500 690 mense
520 626 676 710 Augusto,
699 622 803 690 omnia
827 620 936 687 viridia
958 623 1163 688 consumatet
1179 617 1280 675 exurat.

129 714 228 780 roffi
256 724 321 779 tres
348 709 468 798 lapides
497 709 612 774 taciem
636 704 720 776 ¹solis
748 709 974 784 occuluerunt,
1006 704 1078 794 quia
1107 697 1178 763 dum
1197 693 1239 760 sol
1256 692 1280 754 in

180 797 352 886 praedictis
371 807 514 862 moratur
543 793 661 880 signis,
699 797 742 862 ob
772 795 898 862 nimiam
922 790 989 858 e'us
1019 783 1223 854 claritudinem
1245 778 1281 840 io·

179 885 296 951 tuitum
317 884 349 947 in
370 903 443 949 enm
466 880 529 946 defi
556 903 611 946 ere
632 901 695 945 non
717 880 810 947 facile
831 880 880 947 sit.
929 817 983 943 lte
1004 874 1201 942 Geminorum
1220 885 1281 928 aero

172 968 286 1036 ‘fronte
326 989 456 1056 gemma
484 901 603 1057 lychnis
632 979 765 1068 propter
788 965 869 1031 illius
898 963 1032 1042 mensis,
1067 957 1099 1025 id
1129 962 1177 1020 est
1203 947 1281 1022 Junii,

179 1052 443 1141 pulchritudinem
462 1066 495 1118 et
510 1049 743 1140 jucunditatem
758 1050 873 1118 dicitur
892 1058 1050 1128 assumta;
1069 1043 1140 1132 quia
1161 1035 1282 1106 videlicet

138 1151 215 1206 teet
237 1139 269 1204 in
289 1139 448 1205 anteriore
469 1149 559 1223 parte
587 1137 719 1202 hominis
739 1148 808 1204 tota
834 1135 901 1224 ejus
930 1129 1131 1222 pulchritudo
1158 1117 1281 1201 conside-

179 1237 284 1302 retur,
321 1234 354 1291 et
379 1225 411 1290 in
441 1223 545 1288 fronte
575 1244 637 1305 non
658 1245 763 1308 ¹parra
791 1219 1031 1310 pulchritudinis
1058 1237 1130 1304 pars
1159 1217 1282 1280 notetus

180 1309 222 1375 de
252 1309 371 1377 Cancri
412 1310 547 1374 cerebro
584 1308 710 1374 astrites
747 1318 878 1397 propter
912 1303 1111 1372 eminentiam
1146 1293 1283 1388 stellarup

81 1465 83 1475 ,
119 1425 123 1432 ·
179 1395 246 1484 ejus
269 1406 302 1460 et
320 1394 511 1470 claritateme
545 1414 702 1462 ceraunus
724 1397 766 1460 ab
795 1391 895 1460 oculis
922 1390 1044 1456 Leonis
1068 1391 1199 1474 'propter
1227 1376 1284 1439 len-

135 1492 278 1631 1¹tatem
310 1479 452 1561 ardoris;
489 1479 627 1546 maxime
660 1478 744 1545 enim
777 1477 886 1545 feritas
920 1477 952 1542 in
982 1473 1082 1542 oculis
1117 1461 1284 1554 conspicitur

154 1567 334 1632 aeonum”.
968 1609 972 1616 ,
1273 1547 1279 1566 ‘

185 1653 191 1660 '
261 1652 293 1716 9.
336 1647 576 1734 “Smaragdus,
618 1647 738 1738 scythis
759 1627 801 1715 ‘e't
825 1645 921 1732 iaspis
946 1625 1072 1733 lapides
1103 1618 1173 1706 shnt
1192 1625 1282 1696 virides

178 1746 213 1804 et
226 1735 392 1820 signorum
414 1734 548 1800 vernalis
562 1735 724 1822 temporis,
746 1733 779 1800 id
801 1743 850 1799 est
863 1731 1014 1811 Piscium,
1036 1722 1149 1793 Arietis
1166 1709 1284 1785 et'l'anrl

176 1834 288 1907 tpum
309 1830 446 1906 gerunt,
483 1819 558 1907 quia
586 1819 732 1906 dumille
760 1819 808 1886 sol
830 1827 990 1905 permeat,
1028 1826 1135 1880 terrae
1154 1804 1243 1870 virere
1261 1806 1284 1859 et

204 1927 276 1972 ores
293 1903 360 1992 jam
384 1902 563 1993 producere
589 1905 750 1992 incipiant⁴¹
790 1904 904 1969 Dictus
925 1914 975 1968 est
995 1912 1104 1966 autern
1121 1881 1284 1985 smaragdus

13 2045 15 2050 .
135 1992 221 2064 soah
257 1989 498 2053 amaritudine
533 1990 575 2054 ob
608 1989 734 2055 nimiam
771 1985 967 2054 viriditatem.
1024 1980 1199 2059 Quaelibet,
1221 1989 1283 2034 11111111

179 2074 342 2142 nascentia
364 2070 445 2140 dum'
463 2073 571 2140 viridia
593 2086 675 2154 sunt,
699 2098 807 2142 amara
827 2084 909 2138 sunt.
952 2072 1014 2137 Est
1030 2075 1164 2154 nmnque
1181 2073 1285 2147 genna
1315 2130 1317 2134 Ι

178 2159 366 2227 viridissima
385 2159 468 2225 ultra
490 2183 616 2226 omnes·
634 2162 749 2227 herbas
772 2172 805 2228 et
825 2157 964 2225 frondes.
1020 2152 1195 2244 Scythiae
1220 2142 1286 2224 Scy·

127 2321 129 2328 ,
150 2303 153 2312 ,
177 2245 273 2326 thia,
295 2245 336 2310 in.
349 2260 430 2333 qua,
452 2256 489 2312 ul
509 2246 615 2334 ajunt,
631 2246 804 2326 insanitum
824 2244 920 2333 iaspis
941 2244 983 2308 ab
1004 2238 1147 2329 aspide,
1166 2234 1196 2299 in
1216 2225 1285 2312 cuj¹¹¹
1324 2279 1328 2286 -

178 2332 315 2397 cerebro
334 2329 466 2397 inveniri
480 2331 598 2406 fertur.
652 2333 736 2400 Sunt
756 2341 863 2398 autem
892 2325 1021 2416 iaspidis
1050 2323 1151 2392 multa
1178 2331 1288 2409 geneth

89 2417 94 2430 ’
135 2416 365 2506 adinterquae
385 2417 480 2483 etiam
510 2417 648 2496 fulvum,
684 2437 748 2507 quo
773 2416 922 2483 dicuntur
943 2411 1114 2479 daemonia
1146 2416 1178 2472 et
1204 2415 1287 2466 01111111

87 2572 94 2591 ,
178 2503 287 2590 fugari
305 2503 536 2590 phantasmata.
593 2501 837 2590 Heliotropius,
857 2540 860 2550 =
877 2497 1039 2566 dendrites
1069 2507 1103 2562 et
1123 2483 1288 2584 hyacinthus
1333 2550 1334 2557 ,

177 2587 343 2675 signorum
365 2587 591 2670 autumnalium
613 2588 698 2654 vices
717 2587 919 2675 exprimunt·
957 2585 1019 2650 Est
1046 2582 1134 2647 enim
1163 2574 1302 2643 heliano.

113 2757 116 2767 ἱ
175 2675 248 2774 pius
269 2695 398 2761 quoque
418 2672 501 2760 lapis
528 2669 650 2753 viridis,
685 2673 878 2760 sanguineas
901 2672 1022 2736 habens
1046 2687 1153 2732 venas.
1193 2659 1289 2728 Missi¹

114 2821 117 2824 -
176 2781 208 2823 ¹¹¹
230 2770 415 2845 &geniem
438 2756 551 2846 pelvim
573 2779 656 2845 aqua
677 2758 801 2846 plenam
823 2757 929 2824 radios
951 2755 1032 2831 solis¹
1046 2753 1079 2818 in
1099 2746 1290 2834 sanguineum

135 2845 415 2930 acobscurumque
450 2844 542 2910 vertit
571 2844 720 2912 colorem.
778 2845 878 2912 Hunc
913 2836 1050 2944 lapidem
1082 2839 1110 2920 si
1140 2833 1290 2922 quiscum

177 2929 277 2996 herba
299 2928 441 3018 ejusdem
470 2929 621 3008 nominis,
662 2928 766 3006 idest
793 2929 979 3016 heliotropra
1006 2925 1125 3012 (quam
1147 2909 1300 3010 proverbia¹

175 3037 338 3100 sponsam
361 3015 448 3078 'solis
476 3039 495 3082 a
526 3014 632 3094 labala
659 3015 709 3082 illa
738 3013 781 3079 de
810 3018 909 3102 Gyge
935 3009 1053 3100 Lydia
1072 3009 1238 3085 confictam
1256 2995 1296 3068 tha

70 3159 74 3167 .
177 3099 271 3184 cunt)
292 3099 541 3182 commiscuerit,
576 3115 609 3166 et
630 3123 774 3186 congrua
796 3102 935 3166 carmina
957 3096 1090 3176 diacrit,
1117 3093 1250 3171 ,aliorum
1267 3101 1292 3146 se

176 3185 295 3251 visibus
327 3184 443 3254 aufert
498 3185 708 3274 Optimus-in
728 3183 820 3252 India
841 3186 1010 3272 Libyaque
1026 3181 1194 3247 invenitur.
1247 3167 1292 3234 13⁵¹

96 3319 101 3340 .
134 3282 284 3342 aeautem
305 3268 383 3358 lapis
408 3270 609 3358 splendidus,
652 3293 727 3338 cum
748 3282 821 3336 ortu
846 3271 936 3338 solis*
949 3281 984 3336 et
1016 3265 1147 3334 occasu
1174 3259 1294 3330 calorem

28 3394 34 3412 ι
75 3433 83 3452 x
176 3355 435 3452 mutans;·unde
456 3356 821 3446 etxvocabulum'traxit.
852 3355 964 3420 ·Nam
984 3349 1170 3456 p'irogjsol,
1189 3336 1293 3436 τρόποι

176 3463 352 3506 coruverszo
373 3444 617 3528 interpretatur,
648 3442 722 3528 quia
736 3441 827 3529 juxta
849 3440 922 3508 solis
943 3435 1176 3504 ulciscitudines
1197 3427 1293 3498 colons

177 3526 365 3593 variationes
388 3525 536 3615 patiatur.
579 3523 647 3592 Sed
669 3538 703 3594 et
725 3526 823 3593 herba
846 3525 944 3594 solem
966 3523 1057 3610 sequi
1075 3522 1206 3598 dicitur,
1227 3511 1295 3602 quib

178 3623 214 3678 nt
234 3611 366 3713 ajunt‚<,
381 3634 512 3700 vespere
541 3610 725 3688 claudatur,
763 3635 857 3680 mane
887 3611 1065 3699 aperiatur,
1101 3615 1236 3691 totoque
1255 3593 1294 3659 dle

121 3697 272 3780 stelione
306 3697 353 3764 sui
390 3699 583 3786 explicitam
600 3697 795 3768 latitudinem
829 3700 860 3764 in
896 3689 1002 3762 radids
1043 3691 1117 3760 solis
1159 3689 1296 3756 obverttl·

176 3784 272 3884 hlaec
294 3806 422 3870 gemma
444 3785 474 3849 in
507 3784 646 3871 speciem
675 3784 804 3871 ponitur
832 3783 971 3868 Virginis
999 3781 1047 3845 ob
1072 3776 1149 3844 solis
1185 3771 1295 3839 claritu-

176 3868 300 3946 dinem,
332 3870 364 3934 in
392 3891 432 3934 eo
462 3868 568 3936 adhuc
588 3870 682 3954 signo
706 3893 815 3936 mense
838 3866 1018 3956 Septembri
1041 3861 1228 3930 currentis¹'.

263 3955 312 4022 10.
357 3953 543 4029 “Dendritis
570 3953 648 4041 lapis
683 3964 732 4021 est
758 3953 941 4032 arboreas,
973 3953 1036 4018 hoc
1071 3960 1121 4015 est
1149 3945 1298 4026 'sucinum

68 4127 69 4130 Ἴ
177 4037 262 4104 Nam
280 4039 417 4125 δένδρον
429 4038 557 4118 ‘orbor·,
596 4033 732 4127 pallidae,
749 4043 854 4127 virga
877 4037 1000 4104 dicitur.
1053 4036 1147 4109 Quae
1183 4043 1299 4119 gemma

136 4123 297 4194 sabianae
329 4123 440 4203 datur,
472 4127 546 4212 quia
577 4126 702 4196 circiter
731 4127 925 4198 Octobrem,
955 4122 1021 4188 sole
1049 4131 1160 4207 partes
1193 4117 1300 4182 Librae

177 4220 325 4290 tenente,
356 4210 507 4290 maxime,
543 4211 731 4300 satagitur,
764 4213 896 4279 arbores
923 4207 1063 4276 'sudant
1105 4199 1298 4294 Hyacinthus
