2786 4800
177 291 179 298 ,
258 237 528 368 [asyma.
548 257 580 332 1.
635 231 720 333 ran
737 239 922 334 ..aas
1031 322 1036 332 .
1143 261 1199 338 ns
1310 309 1312 320 »

92 443 152 512 alter
168 444 262 534 patria
285 445 401 527 exiret,
431 465 535 534 usque
565 443 641 511 dum
672 467 744 512 com
767 443 832 514 leto
855 459 956 528 auno,
980 465 1117 534 reguum
1135 445 1227 541 po?

90 542 140 596 nea
157 529 288 598 haberet.
332 533 369 596 ln
391 531 494 622 primo
515 530 614 619 igitur
634 551 717 598 anno
765 531 927 620 ,clynices',
956 533 1059 602 minor
1086 537 1198 618 frater,
1240 535 1243 548 '
1347 543 1348 548 ’

88 615 218 684 dimittens
246 640 402 704 regnum,
439 628 472 682 et
502 629 576 706 post
608 639 731 685 annum·
753 615 828 682 illud
856 630 1023 706 repetens,
1053 643 1073 688 a
1100 621 1199 690 fratre
1299 621 1301 630 ’

85 701 130 788 ipsi
147 714 191 770 est
209 716 368 789 negatum.
411 701 554 790 Proinde
576 703 647 769 exul
668 702 709 769 ad
727 702 917 784 Adrastum,
938 726 1051 794 regem
1061 707 1106 773 Ar
1131 707 1195 774 ivo·

85 807 152 860 rum,
170 810 203 854 se
223 790 371 869 contulit,
399 787 506 874 ibique
528 790 587 854 suh
609 807 650 854 ec
669 787 796 856 viriliter
819 789 974 871 militans,
1006 792 1073 892 ejus
1134 793 1220 860 'ams

83 873 190 958 Argiam
218 875 388 962 conjugem
420 874 553 960 accepit.
605 873 727 942 Postea
761 895 836 958 vero
873 895 974 961 quum·
1007 878 1106 946 trater
1136 880 1196 948 sihi

82 979 186 1025 reverso
219 983 355 1048 reguum
386 969 551 1045 negaret,
592 959 707 1028 bellum
736 959 864 1040 statuit;
899 959 952 1024 uhi
984 960 1085 1044 satum
1118 977 1197 1047 erat,
1237 975 1240 981 '

85 1041 166 1130 quod,
190 1043 223 1124 si,
236 1044 445 1134 Amphiaraus
467 1041 621 1111 sacerdos
642 1046 673 1112 in
696 1043 796 1126 bello,
827 1055 913 1112 terra
937 1055 1011 1116 eum
1030 1047 1199 1136 glutiente,

83 1130 191 1214 periret,
214 1131 390 1221 'Polynices
420 1130 522 1196 victor
540 1137 637 1216 esset.
681 1131 889 1218 Amphiaraus
918 1141 1025 1198 autem
1061 1137 1195 1204 mortem

85 1213 184 1296 timens,
203 1217 234 1282 in
257 1217 355 1282 domo
378 1214 475 1296 latuit.
520 1215 630 1289 Quare
651 1215 822 1306 Eriphyla,
849 1237 929 1282 uxor
949 1217 1037 1307 ejus,
1061 1235 1238 1310 acceptolo
1346 1293 1348 1300 Α

89 1301 167 1366 monili
183 1304 220 1368 ab
240 1303 359 1390 Argia,
380 1321 483 1368 uxore
502 1297 683 1390 Polynicis,
704 1300 792 1390 quod
814 1300 974 1370 Vulcanus
987 1303 1195 1389 Hermionae,

91 1383 216 1473 privignae
235 1411 334 1464 suae,
363 1385 550 1468 fabricavit,
573 1409 644 1452 eum
664 1386 815 1489 prodidit.
857 1385 979 1454 Postea
1002 1388 1217 1481 al’olyoiee·

93 1466 173 1542 ductus
196 1474 239 1546 ad
265 1473 402 1553 bellum,
432 1483 521 1540 terra
549 1466 765 1558 deglutiente,
798 1470 840 1538 ad
868 1472 989 1540 inferos
1012 1473 1099 1544 vivus
1122 1499 1196 1545 cum
1298 1536 1301 1548 .

92 1573 158 1621 curu
173 1547 235 1626 soo'
249 1557 402 1640 derectus
424 1570 483 1626 est.
527 1557 718 1640 Alcmaeon,
744 1557 825 1626 filius
845 1558 931 1648 ejus,
959 1558 1066 1630 rolens
1088 1561 1196 1632 uluisol

88 1651 191 1729 patrem,
215 1637 378 1716 interfecit
396 1655 547 1727 matrem,
575 1656 610 1712 ut
630 1644 773 1714 Orestes.
893 1687 895 1700 ·
1089 1701 1098 1712 .
1200 1661 1236 1713 1⁶

303 1827 398 1911 155.
452 1831 626 1937 Apollo
659 1845 701 1910 et
733 1779 930 1936 sibylla.
977 1777 983 1782 ·

144 1961 280 2056 Sibyllam
306 1963 418 2056 Apollo
436 1965 491 2068 pio
513 1986 623 2032 umora
643 1961 770 2044 dilexit,
802 1975 835 2032 et
864 1964 893 2030 ei
924 1963 1080 2054 poscendi
1110 1989 1195 2057 quae
1291 2047 1298 2060 .

85 2043 152 2115 vellet
166 2053 326 2120 arbitrium
354 2051 474 2119 obtuht
516 2049 575 2120 Illa
598 2070 729 2116 arenam
749 2049 893 2117 manibus
915 2049 1037 2136 hausit,
1072 2062 1106 2120 et
1129 2067 1207 2122 tam'

83 2125 183 2218 longam
210 2139 307 2206 uitam
333 2138 488 2240 poposcit.
540 2136 605 2203 Oui
624 2133 734 2222 Apollo
754 2133 788 2200 id
810 2157 906 2223 posse
926 2136 998 2201 fieri
1021 2138 1194 2228 respondit,
1268 2177 1270 2184 ,

85 2213 105 2276 εἰ
131 2219 345 2310 Erythraeam,
380 2246 411 2289 m
443 2243 507 2312 qua
538 2222 723 2296 habitabat.
753 2219 886 2286 insulam
909 2219 1119 2312 relinqueret,
1159 2236 1238 2292 erno

51 2363 53 2368 ,
86 2318 141 2368 eum
161 2329 327 2398 numquam
358 2307 488 2376 videret.
532 2307 686 2374 Prol'eeta
717 2305 836 2394 igitur,
867 2304 987 2372 Cumas
1011 2307 1128 2388 tenuit,
1161 2322 1210 2384 et,

81 2381 131 2452 illic
159 2397 295 2482 eorporis
333 2395 449 2462 viribus
484 2391 628 2472 desecta,
666 2389 759 2456 vitam
776 2391 818 2468 ,in
850 2389 917 2456 sola
946 2414 1025 2458 uoce
1056 2393 1194 2482 retinuit.

81 2469 157 2541 Quod
175 2503 266 2568 quum
291 2479 375 2547 clves
396 2480 464 2568 ejus
487 2476 712 2568 cugnodssent
734 2475 822 2568 (slve
838 2473 971 2556 invidia,
997 2476 1071 2564 'sive
1097 2481 1194 2546 mise-

79 2557 178 2628 ratione
195 2566 364 2645 commoti,
384 2565 539 2632 incanum
562 2561 648 2649 est),
677 2563 707 2628 ei
727 2561 890 2650 epistolam
909 2561 1081 2645 miserunt,
1097 2567 1194 2632 'creta

78 2645 185 2738 totque
210 2673 301 2718 more
329 2653 497 2739 signatam.
549 2651 622 2726 Qua
649 2649 717 2714 visa
732 2650 845 2730 terra,
897 2648 1044 2716 uia'erat'
1060 2650 1103 2715 de
1124 2652 1235 2742 ejusan

78 2730 175 2813 nsua,
194 2735 224 2803 in
244 2747 382 2815 mortem
396 2748 453 2806 est
471 2736 583 2804 solutu.
614 2733 712 2800 Unde
732 2731 871 2810 nonnulli
911 2755 972 2800 auc
989 2736 1193 2822 essedicunt,
1307 2771 1310 2779 ·

76 2833 143 2910 puae
159 2819 302 2892 Romana
320 2823 387 2892 sata
408 2823 612 2911 conscripsit3
642 2819 718 2908 quia
736 2819 870 2888 incensu
893 2817 1011 2912 templo
1032 2824 1193 2912 Apollinis,

77 2899 137 2969 ude
154 2904 288 2978 Romam
311 2908 393 2978 allati
413 2920 488 2978 sunt
505 2908 593 2990 libri,
621 2902 708 2972 uode
727 2905 811 2976 haec
830 2906 945 2976 suerat.

265 3096 372 3200 ¹154.
401 3087 402 3092 ¹
427 3097 591 3176 Caenis
630 3107 675 3171 et
699 3089 961 3198 Neptunus.

146 3229 254 3300 Caenis
276 3230 369 3318 virgo
392 3228 467 3308 fuit,
490 3247 573 3330 quae
593 3247 613 3290 a
633 3223 786 3315 Neptuno
805 3248 865 3316 pro
885 3239 999 3318 stupro
1039 3228 1236 3300 raemiomao

78 3327 155 3378 seam
181 3317 383 3386 mutationem
411 3323 536 3382 metuat.
589 3309 666 3380 Fuit
700 3313 795 3380 ctiam
832 3251 1071 3385 invulnerablist
1102 3314 1194 3384 ,sed

78 3401 225 3478 Pugnando
261 3425 323 3492 pro
355 3391 501 3490 Lapithis
539 3410 652 3466 contra
688 3399 870 3468 Centauros
894 3449 908 3468 .
917 3403 1037 3469 crebris
1077 3399 1193 3468 ictibus

69 3473 191 3556 tusum
209 3487 361 3578 paulatim
390 3489 471 3555 fixus
488 3485 531 3554 in
560 3497 647 3555 terra
675 3496 734 3552 est.
775 3485 859 3558 Post
878 3497 1013 3556 mortem
1034 3498 1140 3554 tamen
1160 3485 1194 3550 in
1217 3493 1218 3502 ’

78 3582 169 3636 sexum
190 3577 291 3641 rediit.
337 3569 414 3640 Hoc
439 3583 549 3640 autem
582 3567 720 3638 ostendit
749 3569 870 3648 dictum
897 3570 973 3651 illud
991 3571 1191 3641 Platonicum

77 3647 117 3712 vel
133 3655 374 3740 Aristotelicum,
402 3659 554 3724 artimus
566 3677 634 3743 per¹
659 3649 936 3750 μετεμφύχωσιν,
962 3657 1003 3723 id
1029 3667 1083 3724 eat
1103 3677 1234 3744 per-35

76 3744 304 3830 mutationem,
333 3745 462 3832 sexum
469 3741 676 3831 plerumque
696 3753 847 3812 mutare.
1054 3745 1056 3767 .

233 3977 237 3984 .
295 3892 298 3902 ¹
417 3909 528 3997 [155.
583 3904 805 4014 Tarpeja.
889 3937 890 3940 ’

143 4039 281 4136 'l'arpeju
298 4045 402 4114 'sedes
424 4043 511 4111 dicta
532 4054 583 4110 est
598 4065 621 4109 a
640 4023 782 4132 'lfa'rpeja
803 4039 950 4128 virgine.⁴
979 4036 1085 4115 Quum
1110 4042 1192 4108 enim
1257 4055 1261 4060 ’

74 4112 211 4196 Romulus
242 4145 352 4200 contra
379 4131 515 4200 Sabinos
544 4130 625 4196 bella
646 4135 816 4205 tractaret,
847 4139 881 4193 et
901 4125 1043 4216 'l'arpejo
1065 4127 1191 4212 cuidam
1218 4143 1220 4148 '

74 4200 196 4281 dedisset
225 4237 330 4284 arcem
355 4215 525 4299 tuendum3
556 4215 635 4282 ntis
650 4213 718 4302 ojus
746 4211 909 4302 {hrpejm
940 4221 1093 4301 aquatum
1115 4229 1233 4302 pro-to

73 4286 163 4379 secta,
189 4300 221 4366 in
249 4302 356 4374 hostes
371 4303 501 4372 incidit
544 4301 649 4378 Quam
675 4319 774 4388 quum
798 4297 1005 4370 hortarentur
1021 4297 1063 4366 ad
1082 4297 1198 4387 paludi-⁸*

681 4467 687 4518 Ν·
738 4412 761 4480 4
