<?xml version="1.0" encoding="UTF-8"?>
<!DOCTYPE html PUBLIC "-//W3C//DTD XHTML 1.0 Transitional//EN"
    "http://www.w3.org/TR/xhtml1/DTD/xhtml1-transitional.dtd">
<html xmlns="http://www.w3.org/1999/xhtml" xml:lang="en" lang="en">
 <head>
  <title>
</title>
<meta http-equiv="Content-Type" content="text/html;charset=utf-8" />
  <meta name='ocr-system' content='tesseract 3.04.00' />
  <meta name='ocr-capabilities' content='ocr_page ocr_carea ocr_par ocr_line ocrx_word'/>
</head>
<body>
  <div class='ocr_page' id='page_1' title='image "./scriptoresrerum01bodegoog_0155.png"; bbox 0 0 2716 4794; ppageno 0'>
   <div class='ocr_carea' id='block_1_1' title="bbox 173 131 1148 288">
    <p class='ocr_par' dir='ltr' id='par_1_1' title="bbox 173 121 1148 288">
     <span class='ocr_line' id='line_1_1' title="bbox 173 131 1148 288; baseline -0.002 -28"><span class='ocrx_word' id='word_1_1' title='bbox 173 183 254 260; x_wconf 80' lang='lat' dir='ltr'>rac</span> <span class='ocrx_word' id='word_1_2' title='bbox 447 181 628 284; x_wconf 51' lang='lat' dir='ltr'>myram.</span> <span class='ocrx_word' id='word_1_3' title='bbox 666 181 718 258; x_wconf 90' lang='lat'>11.</span> <span class='ocrx_word' id='word_1_4' title='bbox 760 169 1063 288; x_wconf 45' lang='lat' dir='ltr'>,mm-reo„</span> <span class='ocrx_word' id='word_1_5' title='bbox 1112 131 1148 158; x_wconf 61' lang='lat'><em>⁰</em></span> 
     </span>
    </p>
   </div>
   <div class='ocr_carea' id='block_1_2' title="bbox 12 367 1350 2168">
    <p class='ocr_par' dir='ltr' id='par_1_2' title="bbox 81 367 1301 715">
     <span class='ocr_line' id='line_1_2' title="bbox 81 367 1299 458; baseline -0.003 -18"><span class='ocrx_word' id='word_1_6' title='bbox 81 385 84 398; x_wconf 90' lang='grc'><strong>’</strong></span> <span class='ocrx_word' id='word_1_7' title='bbox 175 370 258 440; x_wconf 74' lang='lat' dir='ltr'>enim</span> <span class='ocrx_word' id='word_1_8' title='bbox 299 389 397 458; x_wconf 85' lang='lat' dir='ltr'>quum</span> <span class='ocrx_word' id='word_1_9' title='bbox 423 367 537 447; x_wconf 88' lang='lat' dir='ltr'>sciret,</span> <span class='ocrx_word' id='word_1_10' title='bbox 567 389 703 458; x_wconf 73' lang='lat' dir='ltr'>regnum</span> <span class='ocrx_word' id='word_1_11' title='bbox 725 391 823 458; x_wconf 86' lang='lat' dir='ltr'>penes</span> <span class='ocrx_word' id='word_1_12' title='bbox 851 389 923 436; x_wconf 87' lang='lat' dir='ltr'>eum</span> <span class='ocrx_word' id='word_1_13' title='bbox 956 367 1092 438; x_wconf 84' lang='lat' dir='ltr'>letaliter</span> <span class='ocrx_word' id='word_1_14' title='bbox 1121 387 1299 446; x_wconf 83' lang='lat' dir='ltr'>mansorum,</span> 
     </span>
     <span class='ocr_line' id='line_1_3' title="bbox 174 454 1300 548; baseline -0.002 -24"><span class='ocrx_word' id='word_1_15' title='bbox 174 458 229 548; x_wconf 88' lang='lat' dir='ltr'>qui</span> <span class='ocrx_word' id='word_1_16' title='bbox 249 455 380 524; x_wconf 85' lang='lat' dir='ltr'>arietem</span> <span class='ocrx_word' id='word_1_17' title='bbox 401 454 489 522; x_wconf 89' lang='lat' dir='ltr'>aurei</span> <span class='ocrx_word' id='word_1_18' title='bbox 510 454 630 522; x_wconf 83' lang='lat' dir='ltr'>velleris</span> <span class='ocrx_word' id='word_1_19' title='bbox 648 457 798 536; x_wconf 87' lang='lat' dir='ltr'>haberet,</span> <span class='ocrx_word' id='word_1_20' title='bbox 821 478 916 543; x_wconf 88' lang='lat' dir='ltr'>quem</span> <span class='ocrx_word' id='word_1_21' title='bbox 937 467 1005 522; x_wconf 87' lang='lat' dir='ltr'>tum</span> <span class='ocrx_word' id='word_1_22' title='bbox 1026 457 1160 534; x_wconf 80' lang='lat' dir='ltr'>Atreus,</span> <span class='ocrx_word' id='word_1_23' title='bbox 1191 458 1300 542; x_wconf 83' lang='lat' dir='ltr'>regiam</span> 
     </span>
     <span class='ocr_line' id='line_1_4' title="bbox 173 537 1301 690; baseline -0.004 -79"><span class='ocrx_word' id='word_1_24' title='bbox 173 545 359 646; x_wconf 69' lang='lat' dir='ltr'>ingressus,</span> <span class='ocrx_word' id='word_1_25' title='bbox 389 540 556 628; x_wconf 91' lang='lat' dir='ltr'>plurimum</span> <span class='ocrx_word' id='word_1_26' title='bbox 577 537 802 628; x_wconf 82' lang='lat' dir='ltr'>custodiebat,</span> <span class='ocrx_word' id='word_1_27' title='bbox 824 562 1031 690; x_wconf 63' lang='lat' dir='ltr'>corrumpens</span> <span class='ocrx_word' id='word_1_28' title='bbox 1053 542 1226 630; x_wconf 82' lang='lat' dir='ltr'>Europam,</span> <span class='ocrx_word' id='word_1_29' title='bbox 1249 543 1301 606; x_wconf 77' lang='lat' dir='ltr'>lra-</span> 
     </span>
     <span class='ocr_line' id='line_1_5' title="bbox 175 627 1301 715; baseline -0.004 -17"><span class='ocrx_word' id='word_1_30' title='bbox 175 643 233 698; x_wconf 84' lang='lat' dir='ltr'>trrs</span> <span class='ocrx_word' id='word_1_31' title='bbox 254 628 303 694; x_wconf 90' lang='lat' dir='ltr'>sui</span> <span class='ocrx_word' id='word_1_32' title='bbox 324 627 410 694; x_wconf 80' lang='lat' dir='ltr'>Atrei</span> <span class='ocrx_word' id='word_1_33' title='bbox 428 648 575 704; x_wconf 80' lang='lat' dir='ltr'>uxorem,</span> <span class='ocrx_word' id='word_1_34' title='bbox 608 649 680 692; x_wconf 91' lang='lat' dir='ltr'>eum</span> <span class='ocrx_word' id='word_1_35' title='bbox 712 627 754 692; x_wconf 85' lang='lat' dir='ltr'>ad</span> <span class='ocrx_word' id='word_1_36' title='bbox 784 648 820 694; x_wconf 88' lang='lat' dir='ltr'>se</span> <span class='ocrx_word' id='word_1_37' title='bbox 851 639 938 694; x_wconf 85' lang='lat' dir='ltr'>trans</span> <span class='ocrx_word' id='word_1_38' title='bbox 953 627 1017 692; x_wconf 86' lang='lat' dir='ltr'>arri</span> <span class='ocrx_word' id='word_1_39' title='bbox 1047 650 1142 715; x_wconf 88' lang='lat' dir='ltr'>posse</span> <span class='ocrx_word' id='word_1_40' title='bbox 1168 629 1301 715; x_wconf 83' lang='lat' dir='ltr'>sperarit</span> 
     </span>
    </p>

    <p class='ocr_par' dir='ltr' id='par_1_3' title="bbox 12 709 1350 2168">
     <span class='ocr_line' id='line_1_6' title="bbox 152 709 1301 800; baseline 0.003 -24"><span class='ocrx_word' id='word_1_41' title='bbox 152 713 275 790; x_wconf 83' lang='lat' dir='ltr'>tQuod</span> <span class='ocrx_word' id='word_1_42' title='bbox 310 714 424 780; x_wconf 80' lang='lat' dir='ltr'>Atreus</span> <span class='ocrx_word' id='word_1_43' title='bbox 457 723 624 800; x_wconf 80' lang='lat' dir='ltr'>postquam</span> <span class='ocrx_word' id='word_1_44' title='bbox 660 709 786 798; x_wconf 75' lang='lat' dir='ltr'>didicit,</span> <span class='ocrx_word' id='word_1_45' title='bbox 825 709 953 778; x_wconf 77' lang='lat' dir='ltr'>tratrem</span> <span class='ocrx_word' id='word_1_46' title='bbox 985 734 1058 778; x_wconf 87' lang='lat' dir='ltr'>eum</span> <span class='ocrx_word' id='word_1_47' title='bbox 1091 711 1214 779; x_wconf 84' lang='lat' dir='ltr'>duobus</span> <span class='ocrx_word' id='word_1_48' title='bbox 1242 713 1301 779; x_wconf 86' lang='lat' dir='ltr'>filiis</span> 
     </span>
     <span class='ocr_line' id='line_1_7' title="bbox 132 787 1302 886; baseline -0.004 -17"><span class='ocrx_word' id='word_1_49' title='bbox 132 880 134 886; x_wconf 25' lang='lat'><strong><em>¹</em></strong></span> <span class='ocrx_word' id='word_1_50' title='bbox 176 799 241 869; x_wconf 87' lang='lat' dir='ltr'>suis</span> <span class='ocrx_word' id='word_1_51' title='bbox 265 796 402 886; x_wconf 78' lang='lat' dir='ltr'>expulit,</span> <span class='ocrx_word' id='word_1_52' title='bbox 424 807 457 864; x_wconf 90' lang='lat' dir='ltr'>et</span> <span class='ocrx_word' id='word_1_53' title='bbox 478 809 600 884; x_wconf 89' lang='lat' dir='ltr'>postea,</span> <span class='ocrx_word' id='word_1_54' title='bbox 621 787 766 864; x_wconf 85' lang='lat' dir='ltr'>simulata</span> <span class='ocrx_word' id='word_1_55' title='bbox 786 798 902 884; x_wconf 70' lang='lat' dir='ltr'>gratia,</span> <span class='ocrx_word' id='word_1_56' title='bbox 925 818 996 862; x_wconf 87' lang='lat' dir='ltr'>eum</span> <span class='ocrx_word' id='word_1_57' title='bbox 1018 796 1150 878; x_wconf 86' lang='lat' dir='ltr'>vocavit,</span> <span class='ocrx_word' id='word_1_58' title='bbox 1172 797 1302 886; x_wconf 84' lang='lat' dir='ltr'>filiosque</span> 
     </span>
     <span class='ocr_line' id='line_1_8' title="bbox 176 880 1302 974; baseline -0.004 -22"><span class='ocrx_word' id='word_1_59' title='bbox 176 907 252 956; x_wconf 89' lang='lat' dir='ltr'>suos</span> <span class='ocrx_word' id='word_1_60' title='bbox 277 883 461 950; x_wconf 78' lang='lat' dir='ltr'>interemtos</span> <span class='ocrx_word' id='word_1_61' title='bbox 489 881 665 970; x_wconf 75' lang='lat' dir='ltr'><strong>epulandos</strong></span> <span class='ocrx_word' id='word_1_62' title='bbox 688 880 844 974; x_wconf 85' lang='lat' dir='ltr'>apposuit.</span> <span class='ocrx_word' id='word_1_63' title='bbox 902 881 976 955; x_wconf 83' lang='lat' dir='ltr'>Quo</span> <span class='ocrx_word' id='word_1_64' title='bbox 1007 881 1145 950; x_wconf 81' lang='lat' dir='ltr'>fraterno</span> <span class='ocrx_word' id='word_1_65' title='bbox 1174 883 1302 949; x_wconf 85' lang='lat' dir='ltr'>facinora</span> 
     </span>
     <span class='ocr_line' id='line_1_9' title="bbox 175 965 1302 1056; baseline -0.003 -16"><span class='ocrx_word' id='word_1_66' title='bbox 175 969 225 1040; x_wconf 83' lang='lat' dir='ltr'>sol</span> <span class='ocrx_word' id='word_1_67' title='bbox 257 968 373 1039; x_wconf 87' lang='lat' dir='ltr'>dicitnr</span> <span class='ocrx_word' id='word_1_68' title='bbox 405 969 446 1034; x_wconf 90' lang='lat' dir='ltr'>ab</span> <span class='ocrx_word' id='word_1_69' title='bbox 478 989 589 1035; x_wconf 91' lang='lat' dir='ltr'>eorum</span> <span class='ocrx_word' id='word_1_70' title='bbox 620 992 656 1038; x_wconf 89' lang='lat' dir='ltr'>se</span> <span class='ocrx_word' id='word_1_71' title='bbox 683 965 868 1056; x_wconf 78' lang='lat' dir='ltr'>regionibus</span> <span class='ocrx_word' id='word_1_72' title='bbox 898 968 1038 1034; x_wconf 85' lang='lat' dir='ltr'>vertisse.</span> <span class='ocrx_word' id='word_1_73' title='bbox 1096 969 1173 1034; x_wconf 90' lang='lat' dir='ltr'>Hoc</span> <span class='ocrx_word' id='word_1_74' title='bbox 1207 982 1302 1036; x_wconf 83' lang='lat' dir='ltr'>motus</span> 
     </span>
     <span class='ocr_line' id='line_1_10' title="bbox 176 1051 1303 1143; baseline -0.002 -21"><span class='ocrx_word' id='word_1_75' title='bbox 176 1054 289 1122; x_wconf 90' lang='lat' dir='ltr'>dolore</span> <span class='ocrx_word' id='word_1_76' title='bbox 308 1053 468 1142; x_wconf 73' lang='lat' dir='ltr'>Thyestes</span> <span class='ocrx_word' id='word_1_77' title='bbox 489 1075 587 1140; x_wconf 88' lang='lat' dir='ltr'>quum</span> <span class='ocrx_word' id='word_1_78' title='bbox 609 1055 754 1122; x_wconf 90' lang='lat' dir='ltr'>consulta</span> <span class='ocrx_word' id='word_1_79' title='bbox 774 1053 817 1121; x_wconf 90' lang='lat' dir='ltr'>de</span> <span class='ocrx_word' id='word_1_80' title='bbox 836 1051 971 1120; x_wconf 90' lang='lat' dir='ltr'>oraculis</span> <span class='ocrx_word' id='word_1_81' title='bbox 994 1066 1160 1140; x_wconf 89' lang='lat' dir='ltr'>posceret,</span> <span class='ocrx_word' id='word_1_82' title='bbox 1182 1076 1303 1143; x_wconf 86' lang='lat' dir='ltr'>respon-</span> 
     </span>
     <span class='ocr_line' id='line_1_11' title="bbox 134 1135 1303 1242; baseline 0.003 -41"><span class='ocrx_word' id='word_1_83' title='bbox 134 1150 247 1208; x_wconf 76' lang='lat' dir='ltr'>losum</span> <span class='ocrx_word' id='word_1_84' title='bbox 269 1150 337 1219; x_wconf 83' lang='lat' dir='ltr'>est,</span> <span class='ocrx_word' id='word_1_85' title='bbox 354 1159 420 1225; x_wconf 86' lang='lat' dir='ltr'>per</span> <span class='ocrx_word' id='word_1_86' title='bbox 440 1159 518 1202; x_wconf 83' lang='lat' dir='ltr'>enm</span> <span class='ocrx_word' id='word_1_87' title='bbox 540 1137 597 1202; x_wconf 87' lang='lat' dir='ltr'>illi</span> <span class='ocrx_word' id='word_1_88' title='bbox 619 1152 752 1206; x_wconf 82' lang='lat' dir='ltr'>certam</span> <span class='ocrx_word' id='word_1_89' title='bbox 766 1160 868 1228; x_wconf 82' lang='lat' dir='ltr'>posse</span> <span class='ocrx_word' id='word_1_90' title='bbox 888 1138 1006 1204; x_wconf 68' lang='lat' dir='ltr'>venire</span> <span class='ocrx_word' id='word_1_91' title='bbox 1023 1139 1233 1216; x_wconf 80' lang='lat' dir='ltr'>vindictam,</span> <span class='ocrx_word' id='word_1_92' title='bbox 1250 1135 1303 1242; x_wconf 80' lang='lat' dir='ltr'>pai</span> 
     </span>
     <span class='ocr_line' id='line_1_12' title="bbox 174 1217 1303 1312; baseline -0.001 -22"><span class='ocrx_word' id='word_1_93' title='bbox 174 1248 218 1292; x_wconf 78' lang='lat' dir='ltr'>ex</span> <span class='ocrx_word' id='word_1_94' title='bbox 240 1225 371 1312; x_wconf 77' lang='lat' dir='ltr'>ipsoet</span> <span class='ocrx_word' id='word_1_95' title='bbox 404 1221 551 1310; x_wconf 81' lang='lat' dir='ltr'>Pelopia</span> <span class='ocrx_word' id='word_1_96' title='bbox 571 1217 662 1308; x_wconf 84' lang='lat' dir='ltr'>filia</span> <span class='ocrx_word' id='word_1_97' title='bbox 689 1245 756 1288; x_wconf 81' lang='lat' dir='ltr'>suo</span> <span class='ocrx_word' id='word_1_98' title='bbox 788 1231 895 1286; x_wconf 80' lang='lat' dir='ltr'>nctus</span> <span class='ocrx_word' id='word_1_99' title='bbox 918 1219 1064 1309; x_wconf 78' lang='lat' dir='ltr'>fnisset.</span> <span class='ocrx_word' id='word_1_100' title='bbox 1114 1219 1209 1290; x_wconf 87' lang='lat' dir='ltr'>Unde</span> <span class='ocrx_word' id='word_1_101' title='bbox 1229 1221 1303 1290; x_wconf 77' lang='lat' dir='ltr'>illico</span> 
     </span>
     <span class='ocr_line' id='line_1_13' title="bbox 174 1305 1350 1397; baseline -0.001 -20"><span class='ocrx_word' id='word_1_102' title='bbox 174 1311 257 1378; x_wconf 89' lang='lat' dir='ltr'>liliae</span> <span class='ocrx_word' id='word_1_103' title='bbox 279 1305 457 1397; x_wconf 83' lang='lat' dir='ltr'>amplexum</span> <span class='ocrx_word' id='word_1_104' title='bbox 477 1305 608 1386; x_wconf 81' lang='lat' dir='ltr'>invasit,</span> <span class='ocrx_word' id='word_1_105' title='bbox 640 1331 678 1376; x_wconf 84' lang='lat' dir='ltr'>ex</span> <span class='ocrx_word' id='word_1_106' title='bbox 700 1330 764 1397; x_wconf 86' lang='lat' dir='ltr'>qua</span> <span class='ocrx_word' id='word_1_107' title='bbox 788 1318 879 1376; x_wconf 83' lang='lat' dir='ltr'>natus</span> <span class='ocrx_word' id='word_1_108' title='bbox 902 1315 951 1375; x_wconf 91' lang='lat' dir='ltr'>est</span> <span class='ocrx_word' id='word_1_109' title='bbox 971 1329 1067 1394; x_wconf 90' lang='lat' dir='ltr'>puer,</span> <span class='ocrx_word' id='word_1_110' title='bbox 1096 1327 1189 1396; x_wconf 89' lang='lat' dir='ltr'>quern</span> <span class='ocrx_word' id='word_1_111' title='bbox 1209 1309 1257 1375; x_wconf 88' lang='lat' dir='ltr'>illa</span> <span class='ocrx_word' id='word_1_112' title='bbox 1277 1309 1303 1376; x_wconf 90' lang='lat' dir='ltr'>in</span> <span class='ocrx_word' id='word_1_113' title='bbox 1349 1327 1350 1340; x_wconf 62' lang='lat'>¹</span> 
     </span>
     <span class='ocr_line' id='line_1_14' title="bbox 173 1349 1350 1483; baseline -0.002 -17"><span class='ocrx_word' id='word_1_114' title='bbox 173 1395 266 1466; x_wconf 80' lang='lat' dir='ltr'>silvas</span> <span class='ocrx_word' id='word_1_115' title='bbox 299 1403 432 1483; x_wconf 90' lang='lat' dir='ltr'>propter</span> <span class='ocrx_word' id='word_1_116' title='bbox 452 1392 687 1465; x_wconf 81' lang='lat' dir='ltr'>conscientiam</span> <span class='ocrx_word' id='word_1_117' title='bbox 717 1392 842 1483; x_wconf 84' lang='lat' dir='ltr'>abjecit.</span> <span class='ocrx_word' id='word_1_118' title='bbox 894 1391 978 1470; x_wconf 92' lang='lat' dir='ltr'>Hic,</span> <span class='ocrx_word' id='word_1_119' title='bbox 1014 1415 1131 1480; x_wconf 88' lang='lat' dir='ltr'>caprae</span> <span class='ocrx_word' id='word_1_120' title='bbox 1163 1395 1303 1466; x_wconf 75' lang='lat' dir='ltr'>uberibus</span> <span class='ocrx_word' id='word_1_121' title='bbox 1348 1349 1350 1464; x_wconf 94' lang='lat' dir='ltr'>l</span> 
     </span>
     <span class='ocr_line' id='line_1_15' title="bbox 174 1474 1350 1568; baseline 0 -20"><span class='ocrx_word' id='word_1_122' title='bbox 174 1481 321 1558; x_wconf 82' lang='lat' dir='ltr'>nutritus,</span> <span class='ocrx_word' id='word_1_123' title='bbox 345 1501 385 1562; x_wconf 82' lang='lat' dir='ltr'>ex</span> <span class='ocrx_word' id='word_1_124' title='bbox 405 1474 519 1544; x_wconf 87' lang='lat' dir='ltr'>eadem</span> <span class='ocrx_word' id='word_1_125' title='bbox 539 1500 576 1544; x_wconf 90' lang='lat' dir='ltr'>re</span> <span class='ocrx_word' id='word_1_126' title='bbox 589 1478 785 1568; x_wconf 72' lang='lat' dir='ltr'>Aegisthus</span> <span class='ocrx_word' id='word_1_127' title='bbox 803 1497 917 1544; x_wconf 90' lang='lat' dir='ltr'>nomen</span> <span class='ocrx_word' id='word_1_128' title='bbox 933 1477 1073 1566; x_wconf 67' lang='lat' dir='ltr'>accepim</span> <span class='ocrx_word' id='word_1_129' title='bbox 1119 1479 1149 1546; x_wconf 91' lang='lat' dir='ltr'>ui</span> <span class='ocrx_word' id='word_1_130' title='bbox 1170 1481 1303 1562; x_wconf 80' lang='lat' dir='ltr'>Atreum,</span> <span class='ocrx_word' id='word_1_131' title='bbox 1349 1558 1350 1566; x_wconf 8' lang='grc' dir='ltr'>ἵ</span> 
     </span>
     <span class='ocr_line' id='line_1_16' title="bbox 12 1503 1350 1658; baseline 0 -26"><span class='ocrx_word' id='word_1_132' title='bbox 12 1615 21 1632; x_wconf 69' lang='lat'>,</span> <span class='ocrx_word' id='word_1_133' title='bbox 132 1575 272 1658; x_wconf 74' lang='lat' dir='ltr'>ltquum</span> <span class='ocrx_word' id='word_1_134' title='bbox 292 1565 324 1630; x_wconf 92' lang='lat' dir='ltr'>in</span> <span class='ocrx_word' id='word_1_135' title='bbox 347 1561 515 1630; x_wconf 81' lang='lat' dir='ltr'>vindictam</span> <span class='ocrx_word' id='word_1_136' title='bbox 535 1563 633 1652; x_wconf 85' lang='lat' dir='ltr'>patris</span> <span class='ocrx_word' id='word_1_137' title='bbox 654 1561 860 1641; x_wconf 79' lang='lat' dir='ltr'>adolevisset,</span> <span class='ocrx_word' id='word_1_138' title='bbox 895 1561 1064 1640; x_wconf 82' lang='lat' dir='ltr'>interfecit.</span> <span class='ocrx_word' id='word_1_139' title='bbox 1096 1503 1195 1632; x_wconf 84' lang='lat' dir='ltr'>ldem</span> <span class='ocrx_word' id='word_1_140' title='bbox 1217 1567 1303 1634; x_wconf 89' lang='lat' dir='ltr'>etiam</span> <span class='ocrx_word' id='word_1_141' title='bbox 1349 1577 1350 1582; x_wconf 77' lang='grc'>’</span> 
     </span>
     <span class='ocr_line' id='line_1_17' title="bbox 172 1647 1303 1740; baseline 0.004 -26"><span class='ocrx_word' id='word_1_142' title='bbox 172 1657 465 1740; x_wconf 75' lang='lat' dir='ltr'>Agamemnonem,</span> <span class='ocrx_word' id='word_1_143' title='bbox 485 1647 663 1717; x_wconf 85' lang='lat' dir='ltr'>adulterata</span> <span class='ocrx_word' id='word_1_144' title='bbox 682 1669 783 1717; x_wconf 84' lang='lat' dir='ltr'>uxore</span> <span class='ocrx_word' id='word_1_145' title='bbox 804 1647 1149 1739; x_wconf 61' lang='lat' dir='ltr'>ejus„Clytemnestra,</span> <span class='ocrx_word' id='word_1_146' title='bbox 1171 1663 1303 1740; x_wconf 85' lang='lat' dir='ltr'>prostra-</span> 
     </span>
     <span class='ocr_line' id='line_1_18' title="bbox 172 1733 1302 1824; baseline -0.004 -18"><span class='ocrx_word' id='word_1_147' title='bbox 172 1747 243 1806; x_wconf 87' lang='lat' dir='ltr'>tum</span> <span class='ocrx_word' id='word_1_148' title='bbox 261 1735 427 1802; x_wconf 88' lang='lat' dir='ltr'>interemit.</span> <span class='ocrx_word' id='word_1_149' title='bbox 478 1733 562 1802; x_wconf 90' lang='lat' dir='ltr'>Nam</span> <span class='ocrx_word' id='word_1_150' title='bbox 594 1734 661 1815; x_wconf 82' lang='lat' dir='ltr'>illa,</span> <span class='ocrx_word' id='word_1_151' title='bbox 687 1756 800 1824; x_wconf 20' lang='lat' dir='ltr'>,quum</span> <span class='ocrx_word' id='word_1_152' title='bbox 821 1736 1041 1822; x_wconf 82' lang='lat' dir='ltr'>Agamemnon</span> <span class='ocrx_word' id='word_1_153' title='bbox 1068 1733 1230 1822; x_wconf 84' lang='lat' dir='ltr'>ingressos</span> <span class='ocrx_word' id='word_1_154' title='bbox 1250 1736 1302 1802; x_wconf 82' lang='lat' dir='ltr'>do</span> 
     </span>
     <span class='ocr_line' id='line_1_19' title="bbox 170 1817 1303 1910; baseline -0.001 -20"><span class='ocrx_word' id='word_1_155' title='bbox 170 1843 259 1890; x_wconf 90' lang='lat' dir='ltr'>mum</span> <span class='ocrx_word' id='word_1_156' title='bbox 282 1821 408 1898; x_wconf 85' lang='lat' dir='ltr'>luisset,</span> <span class='ocrx_word' id='word_1_157' title='bbox 433 1820 545 1888; x_wconf 91' lang='lat' dir='ltr'>obtulit</span> <span class='ocrx_word' id='word_1_158' title='bbox 566 1819 596 1886; x_wconf 89' lang='lat' dir='ltr'>ei</span> <span class='ocrx_word' id='word_1_159' title='bbox 616 1821 734 1888; x_wconf 81' lang='lat' dir='ltr'>vdstem</span> <span class='ocrx_word' id='word_1_160' title='bbox 757 1820 825 1886; x_wconf 88' lang='lat' dir='ltr'>sine</span> <span class='ocrx_word' id='word_1_161' title='bbox 847 1817 972 1910; x_wconf 88' lang='lat' dir='ltr'>capitio.</span> <span class='ocrx_word' id='word_1_162' title='bbox 1016 1818 1080 1896; x_wconf 86' lang='lat' dir='ltr'>Qui</span> <span class='ocrx_word' id='word_1_163' title='bbox 1100 1843 1198 1908; x_wconf 90' lang='lat' dir='ltr'>quom</span> <span class='ocrx_word' id='word_1_164' title='bbox 1223 1821 1303 1889; x_wconf 87' lang='lat' dir='ltr'>vellet</span> 
     </span>
     <span class='ocr_line' id='line_1_20' title="bbox 125 1903 1303 1996; baseline -0.001 -23"><span class='ocrx_word' id='word_1_165' title='bbox 125 1921 126 1924; x_wconf 76' lang='grc'>’</span> <span class='ocrx_word' id='word_1_166' title='bbox 172 1905 350 1994; x_wconf 77' lang='lat' dir='ltr'>involvere,</span> <span class='ocrx_word' id='word_1_167' title='bbox 373 1917 406 1972; x_wconf 93' lang='lat' dir='ltr'>et</span> <span class='ocrx_word' id='word_1_168' title='bbox 427 1906 577 1995; x_wconf 79' lang='lat' dir='ltr'>capitium</span> <span class='ocrx_word' id='word_1_169' title='bbox 599 1929 663 1990; x_wconf 82' lang='lat' dir='ltr'>non</span> <span class='ocrx_word' id='word_1_170' title='bbox 683 1905 823 1973; x_wconf 83' lang='lat' dir='ltr'>invenire</span> <span class='ocrx_word' id='word_1_171' title='bbox 845 1916 963 1994; x_wconf 91' lang='lat' dir='ltr'>posset,</span> <span class='ocrx_word' id='word_1_172' title='bbox 986 1903 1026 1972; x_wconf 88' lang='lat' dir='ltr'>ab</span> <span class='ocrx_word' id='word_1_173' title='bbox 1046 1907 1303 1996; x_wconf 82' lang='lat' dir='ltr'>Aegisthoadul·</span> 
     </span>
     <span class='ocr_line' id='line_1_21' title="bbox 132 1989 1350 2082; baseline -0.001 -22"><span class='ocrx_word' id='word_1_174' title='bbox 132 1997 244 2066; x_wconf 72' lang='lat' dir='ltr'>autern</span> <span class='ocrx_word' id='word_1_175' title='bbox 265 1989 454 2058; x_wconf 86' lang='lat' dir='ltr'>interlectos</span> <span class='ocrx_word' id='word_1_176' title='bbox 477 2003 535 2059; x_wconf 86' lang='lat' dir='ltr'>est</span> <span class='ocrx_word' id='word_1_177' title='bbox 583 1991 679 2059; x_wconf 89' lang='lat' dir='ltr'>Unde</span> <span class='ocrx_word' id='word_1_178' title='bbox 700 2002 774 2082; x_wconf 88' lang='lat' dir='ltr'>post</span> <span class='ocrx_word' id='word_1_179' title='bbox 805 1993 847 2058; x_wconf 92' lang='lat' dir='ltr'>ab</span> <span class='ocrx_word' id='word_1_180' title='bbox 872 1991 991 2059; x_wconf 87' lang='lat' dir='ltr'>Oreste</span> <span class='ocrx_word' id='word_1_181' title='bbox 1011 1991 1076 2058; x_wconf 84' lang='lat' dir='ltr'>tilio¹</span> <span class='ocrx_word' id='word_1_182' title='bbox 1099 2005 1131 2060; x_wconf 89' lang='lat' dir='ltr'>et</span> <span class='ocrx_word' id='word_1_183' title='bbox 1152 1993 1220 2082; x_wconf 88' lang='lat' dir='ltr'>ipsa</span> <span class='ocrx_word' id='word_1_184' title='bbox 1237 2015 1304 2060; x_wconf 88' lang='lat' dir='ltr'>oum</span> <span class='ocrx_word' id='word_1_185' title='bbox 1349 2003 1350 2028; x_wconf 71' lang='lat'><em>²</em></span> 
     </span>
     <span class='ocr_line' id='line_1_22' title="bbox 174 2077 928 2168; baseline -0.004 -20"><span class='ocrx_word' id='word_1_186' title='bbox 174 2077 332 2168; x_wconf 66' lang='lat' dir='ltr'>Aegistho</span> <span class='ocrx_word' id='word_1_187' title='bbox 354 2078 462 2144; x_wconf 86' lang='lat' dir='ltr'>occisa</span> <span class='ocrx_word' id='word_1_188' title='bbox 483 2089 541 2146; x_wconf 87' lang='lat' dir='ltr'>est</span> <span class='ocrx_word' id='word_1_189' title='bbox 829 2081 831 2104; x_wconf 87' lang='lat'>&#39;</span> <span class='ocrx_word' id='word_1_190' title='bbox 925 2111 928 2117; x_wconf 93' lang='lat'>·</span> 
     </span>
    </p>
   </div>
   <div class='ocr_carea' id='block_1_3' title="bbox 363 2241 1120 2351">
    <p class='ocr_par' dir='ltr' id='par_1_4' title="bbox 363 2067 1350 2364">
     <span class='ocr_line' id='line_1_23' title="bbox 363 2241 1120 2351; baseline 0 -33"><span class='ocrx_word' id='word_1_191' title='bbox 363 2241 458 2318; x_wconf 72' lang='grc'><strong>148.</strong></span> <span class='ocrx_word' id='word_1_192' title='bbox 517 2246 743 2351; x_wconf 73' lang='lat' dir='ltr'>«luppiter</span> <span class='ocrx_word' id='word_1_193' title='bbox 783 2258 825 2322; x_wconf 86' lang='lat' dir='ltr'>et</span> <span class='ocrx_word' id='word_1_194' title='bbox 857 2241 1120 2320; x_wconf 74' lang='lat' dir='ltr'>Alcumena.</span> 
     </span>
    </p>
   </div>
   <div class='ocr_carea' id='block_1_4' title="bbox 126 2357 1348 3378">
    <p class='ocr_par' dir='ltr' id='par_1_5' title="bbox 126 2357 1348 3378">
     <span class='ocr_line' id='line_1_24' title="bbox 259 2357 1304 2463; baseline -0.003 -24"><span class='ocrx_word' id='word_1_195' title='bbox 259 2357 407 2463; x_wconf 80' lang='lat' dir='ltr'>luppiter</span> <span class='ocrx_word' id='word_1_196' title='bbox 438 2394 536 2462; x_wconf 86' lang='lat' dir='ltr'>quum</span> <span class='ocrx_word' id='word_1_197' title='bbox 576 2366 807 2461; x_wconf 77' lang='lat' dir='ltr'>Amphitryonis</span> <span class='ocrx_word' id='word_1_198' title='bbox 844 2393 977 2440; x_wconf 85' lang='lat' dir='ltr'>uxorem</span> <span class='ocrx_word' id='word_1_199' title='bbox 1010 2381 1162 2452; x_wconf 87' lang='lat' dir='ltr'>amasset,</span> <span class='ocrx_word' id='word_1_200' title='bbox 1206 2383 1239 2440; x_wconf 88' lang='lat' dir='ltr'>et</span> <span class='ocrx_word' id='word_1_201' title='bbox 1269 2366 1304 2438; x_wconf 84' lang='lat' dir='ltr'>ad</span> 
     </span>
     <span class='ocr_line' id='line_1_25' title="bbox 172 2457 1304 2560; baseline -0.001 -36"><span class='ocrx_word' id='word_1_202' title='bbox 172 2477 245 2524; x_wconf 84' lang='lat' dir='ltr'>eam</span> <span class='ocrx_word' id='word_1_203' title='bbox 267 2457 533 2544; x_wconf 81' lang='lat' dir='ltr'>corrumpendam</span> <span class='ocrx_word' id='word_1_204' title='bbox 554 2469 693 2524; x_wconf 90' lang='lat' dir='ltr'>mutatus</span> <span class='ocrx_word' id='word_1_205' title='bbox 711 2459 744 2521; x_wconf 92' lang='lat' dir='ltr'>in</span> <span class='ocrx_word' id='word_1_206' title='bbox 765 2458 998 2560; x_wconf 74' lang='lat' dir='ltr'>Amphitrponis</span> <span class='ocrx_word' id='word_1_207' title='bbox 1030 2457 1168 2545; x_wconf 90' lang='lat' dir='ltr'>speciem</span> <span class='ocrx_word' id='word_1_208' title='bbox 1210 2459 1304 2523; x_wconf 83' lang='lat' dir='ltr'>renis-</span> 
     </span>
     <span class='ocr_line' id='line_1_26' title="bbox 129 2541 1306 2634; baseline -0.003 -23"><span class='ocrx_word' id='word_1_209' title='bbox 129 2553 221 2611; x_wconf 71' lang='lat' dir='ltr'>met</span> <span class='ocrx_word' id='word_1_210' title='bbox 241 2541 271 2607; x_wconf 91' lang='lat' dir='ltr'>in</span> <span class='ocrx_word' id='word_1_211' title='bbox 296 2541 464 2634; x_wconf 78' lang='lat' dir='ltr'>Tyrinthia</span> <span class='ocrx_word' id='word_1_212' title='bbox 486 2543 628 2622; x_wconf 81' lang='lat' dir='ltr'>civitate;</span> <span class='ocrx_word' id='word_1_213' title='bbox 660 2563 702 2605; x_wconf 90' lang='lat' dir='ltr'>ne</span> <span class='ocrx_word' id='word_1_214' title='bbox 732 2541 870 2609; x_wconf 82' lang='lat' dir='ltr'>adventu</span> <span class='ocrx_word' id='word_1_215' title='bbox 892 2545 954 2610; x_wconf 88' lang='lat' dir='ltr'>drei</span> <span class='ocrx_word' id='word_1_216' title='bbox 974 2543 1090 2610; x_wconf 84' lang='lat' dir='ltr'>amoris</span> <span class='ocrx_word' id='word_1_217' title='bbox 1117 2541 1306 2610; x_wconf 89' lang='lat' dir='ltr'>minueretur</span> 
     </span>
     <span class='ocr_line' id='line_1_27' title="bbox 131 2625 1306 2778; baseline 0.001 -85"><span class='ocrx_word' id='word_1_218' title='bbox 131 2673 137 2686; x_wconf 32' lang='lat' dir='ltr'>i</span> <span class='ocrx_word' id='word_1_219' title='bbox 169 2626 240 2693; x_wconf 88' lang='lat' dir='ltr'>rolo</span> <span class='ocrx_word' id='word_1_220' title='bbox 266 2639 337 2704; x_wconf 88' lang='lat' dir='ltr'>tas,</span> <span class='ocrx_word' id='word_1_221' title='bbox 367 2627 461 2716; x_wconf 87' lang='lat' dir='ltr'>jussit</span> <span class='ocrx_word' id='word_1_222' title='bbox 481 2627 630 2778; x_wconf 86' lang='lat' dir='ltr'>Juppiter</span> <span class='ocrx_word' id='word_1_223' title='bbox 649 2625 731 2692; x_wconf 86' lang='lat' dir='ltr'>illam</span> <span class='ocrx_word' id='word_1_224' title='bbox 753 2628 908 2717; x_wconf 87' lang='lat' dir='ltr'>triplicem</span> <span class='ocrx_word' id='word_1_225' title='bbox 931 2653 1003 2698; x_wconf 87' lang='lat' dir='ltr'>esse</span> <span class='ocrx_word' id='word_1_226' title='bbox 1025 2640 1170 2706; x_wconf 87' lang='lat' dir='ltr'>noctem,</span> <span class='ocrx_word' id='word_1_227' title='bbox 1202 2630 1249 2694; x_wconf 84' lang='lat' dir='ltr'>sic</span> <span class='ocrx_word' id='word_1_228' title='bbox 1274 2639 1306 2694; x_wconf 91' lang='lat' dir='ltr'>ut</span> 
     </span>
     <span class='ocr_line' id='line_1_28' title="bbox 168 2711 1307 2804; baseline 0 -26"><span class='ocrx_word' id='word_1_229' title='bbox 168 2727 233 2802; x_wconf 82' lang='lat' dir='ltr'>qua</span> <span class='ocrx_word' id='word_1_230' title='bbox 275 2711 394 2800; x_wconf 86' lang='lat' dir='ltr'>uplioes</span> <span class='ocrx_word' id='word_1_231' title='bbox 415 2725 529 2780; x_wconf 75' lang='lat' dir='ltr'>&#39;cursus</span> <span class='ocrx_word' id='word_1_232' title='bbox 563 2733 625 2778; x_wconf 86' lang='lat' dir='ltr'>una</span> <span class='ocrx_word' id='word_1_233' title='bbox 649 2714 838 2803; x_wconf 80' lang='lat' dir='ltr'>peregisset.</span> <span class='ocrx_word' id='word_1_234' title='bbox 889 2715 941 2782; x_wconf 78' lang='lat' dir='ltr'>Ex</span> <span class='ocrx_word' id='word_1_235' title='bbox 972 2738 1036 2804; x_wconf 87' lang='lat' dir='ltr'>qno</span> <span class='ocrx_word' id='word_1_236' title='bbox 1058 2713 1231 2801; x_wconf 82' lang='lat' dir='ltr'>‚complexu</span> <span class='ocrx_word' id='word_1_237' title='bbox 1258 2714 1307 2780; x_wconf 85' lang='lat' dir='ltr'>Al·</span> 
     </span>
     <span class='ocr_line' id='line_1_29' title="bbox 170 2799 1308 2887; baseline 0.002 -23"><span class='ocrx_word' id='word_1_238' title='bbox 170 2817 325 2864; x_wconf 71' lang='lat' dir='ltr'>cumenae</span> <span class='ocrx_word' id='word_1_239' title='bbox 361 2809 536 2887; x_wconf 87' lang='lat' dir='ltr'>conceptus</span> <span class='ocrx_word' id='word_1_240' title='bbox 576 2809 625 2866; x_wconf 88' lang='lat' dir='ltr'>est</span> <span class='ocrx_word' id='word_1_241' title='bbox 657 2799 825 2868; x_wconf 87' lang='lat' dir='ltr'>Hercules.</span> <span class='ocrx_word' id='word_1_242' title='bbox 880 2799 1039 2868; x_wconf 86' lang='lat' dir='ltr'>Hercules</span> <span class='ocrx_word' id='word_1_243' title='bbox 1071 2811 1180 2866; x_wconf 89' lang='lat' dir='ltr'>autem</span> <span class='ocrx_word' id='word_1_244' title='bbox 1218 2810 1308 2866; x_wconf 88' lang='lat' dir='ltr'>natus</span> 
     </span>
     <span class='ocr_line' id='line_1_30' title="bbox 164 2881 1308 2974; baseline 0.001 -26"><span class='ocrx_word' id='word_1_245' title='bbox 164 2893 221 2950; x_wconf 85' lang='lat' dir='ltr'>est</span> <span class='ocrx_word' id='word_1_246' title='bbox 251 2903 324 2948; x_wconf 88' lang='lat' dir='ltr'>oum</span> <span class='ocrx_word' id='word_1_247' title='bbox 343 2881 483 2971; x_wconf 87' lang='lat' dir='ltr'>Iphicle,</span> <span class='ocrx_word' id='word_1_248' title='bbox 511 2887 570 2952; x_wconf 83' lang='lat' dir='ltr'>Am</span> <span class='ocrx_word' id='word_1_249' title='bbox 594 2883 746 2972; x_wconf 84' lang='lat' dir='ltr'>hitryonis</span> <span class='ocrx_word' id='word_1_250' title='bbox 769 2885 843 2954; x_wconf 87' lang='lat' dir='ltr'>filio.</span> <span class='ocrx_word' id='word_1_251' title='bbox 886 2884 1072 2974; x_wconf 82' lang='lat' dir='ltr'>Sed-quum</span> <span class='ocrx_word' id='word_1_252' title='bbox 1093 2885 1178 2952; x_wconf 88' lang='lat' dir='ltr'>Juuo</span> <span class='ocrx_word' id='word_1_253' title='bbox 1199 2907 1308 2953; x_wconf 87' lang='lat' dir='ltr'>omnes</span> 
     </span>
     <span class='ocr_line' id='line_1_31' title="bbox 126 2907 1308 3060; baseline -0.001 -24"><span class='ocrx_word' id='word_1_254' title='bbox 126 2983 190 3036; x_wconf 72' lang='lat' dir='ltr'>uua</span> <span class='ocrx_word' id='word_1_255' title='bbox 212 2965 294 3033; x_wconf 87' lang='lat' dir='ltr'>Jove</span> <span class='ocrx_word' id='word_1_256' title='bbox 314 2969 406 3038; x_wconf 85' lang='lat' dir='ltr'>natos</span> <span class='ocrx_word' id='word_1_257' title='bbox 429 2970 504 3036; x_wconf 91' lang='lat' dir='ltr'>odio</span> <span class='ocrx_word' id='word_1_258' title='bbox 526 2907 660 3040; x_wconf 77' lang='lat' dir='ltr'>baberet</span> <span class='ocrx_word' id='word_1_259' title='bbox 688 2982 815 3058; x_wconf 86' lang='lat' dir='ltr'>praeter</span> <span class='ocrx_word' id='word_1_260' title='bbox 836 2968 1052 3050; x_wconf 86' lang='lat' dir='ltr'>Mercurium,</span> <span class='ocrx_word' id='word_1_261' title='bbox 1074 2970 1156 3038; x_wconf 90' lang='lat' dir='ltr'>duos</span> <span class='ocrx_word' id='word_1_262' title='bbox 1178 2993 1308 3060; x_wconf 83' lang='lat' dir='ltr'>serpen-</span> 
     </span>
     <span class='ocr_line' id='line_1_32' title="bbox 168 3052 1348 3156; baseline -0.001 -34"><span class='ocrx_word' id='word_1_263' title='bbox 168 3063 221 3122; x_wconf 77' lang='lat' dir='ltr'>sse</span> <span class='ocrx_word' id='word_1_264' title='bbox 254 3052 382 3124; x_wconf 87' lang='lat' dir='ltr'>immisit</span> <span class='ocrx_word' id='word_1_265' title='bbox 407 3055 557 3148; x_wconf 80' lang='lat' dir='ltr'>Herculi.</span> <span class='ocrx_word' id='word_1_266' title='bbox 616 3054 772 3146; x_wconf 86' lang='lat' dir='ltr'>Iphicles,</span> <span class='ocrx_word' id='word_1_267' title='bbox 809 3057 899 3122; x_wconf 88' lang='lat' dir='ltr'>cunis</span> <span class='ocrx_word' id='word_1_268' title='bbox 933 3067 1059 3124; x_wconf 86' lang='lat' dir='ltr'>terrore</span> <span class='ocrx_word' id='word_1_269' title='bbox 1090 3055 1218 3146; x_wconf 87' lang='lat' dir='ltr'>lapsus,</span> <span class='ocrx_word' id='word_1_270' title='bbox 1252 3075 1310 3124; x_wconf 87' lang='lat' dir='ltr'>suo</span> <span class='ocrx_word' id='word_1_271' title='bbox 1347 3119 1348 3156; x_wconf 69' lang='lat'>,</span> 
     </span>
     <span class='ocr_line' id='line_1_33' title="bbox 168 3138 1348 3232; baseline 0.003 -28"><span class='ocrx_word' id='word_1_272' title='bbox 168 3138 280 3226; x_wconf 79' lang='lat' dir='ltr'>vagitu</span> <span class='ocrx_word' id='word_1_273' title='bbox 303 3142 450 3210; x_wconf 80' lang='lat' dir='ltr'>excitarit</span> <span class='ocrx_word' id='word_1_274' title='bbox 468 3151 628 3232; x_wconf 85' lang='lat' dir='ltr'>parentes.</span> <span class='ocrx_word' id='word_1_275' title='bbox 679 3141 744 3215; x_wconf 79' lang='lat' dir='ltr'>Qui</span> <span class='ocrx_word' id='word_1_276' title='bbox 772 3162 869 3228; x_wconf 87' lang='lat' dir='ltr'>quum</span> <span class='ocrx_word' id='word_1_277' title='bbox 897 3143 1125 3226; x_wconf 81' lang='lat' dir='ltr'>surrexissent,</span> <span class='ocrx_word' id='word_1_278' title='bbox 1165 3142 1310 3208; x_wconf 89' lang='lat' dir='ltr'>viderunt</span> <span class='ocrx_word' id='word_1_279' title='bbox 1347 3161 1348 3208; x_wconf 81' lang='lat' dir='ltr'>l</span> 
     </span>
     <span class='ocr_line' id='line_1_34' title="bbox 167 3222 1310 3378; baseline 0.005 -88"><span class='ocrx_word' id='word_1_280' title='bbox 167 3222 345 3378; x_wconf 51' lang='lat' dir='ltr'>{derorhlpm</span> <span class='ocrx_word' id='word_1_281' title='bbox 362 3248 489 3316; x_wconf 82' lang='lat' dir='ltr'>angues</span> <span class='ocrx_word' id='word_1_282' title='bbox 511 3237 673 3296; x_wconf 86' lang='lat' dir='ltr'>tenentem</span> <span class='ocrx_word' id='word_1_283' title='bbox 697 3227 861 3308; x_wconf 89' lang='lat' dir='ltr'>manibus,</span> <span class='ocrx_word' id='word_1_284' title='bbox 891 3227 1049 3298; x_wconf 86' lang='lat' dir='ltr'>immissos</span> <span class='ocrx_word' id='word_1_285' title='bbox 1077 3230 1107 3298; x_wconf 87' lang='lat' dir='ltr'>ei</span> <span class='ocrx_word' id='word_1_286' title='bbox 1133 3227 1310 3298; x_wconf 82' lang='lat' dir='ltr'>novercali·</span> 
     </span>
     <span class='ocr_line' id='line_1_35' title="bbox 190 3331 339 3378; baseline 0 0"><span class='ocrx_word' id='word_1_287' title='bbox 190 3331 269 3378; x_wconf 66' lang='lat' dir='ltr'>mo</span> <span class='ocrx_word' id='word_1_288' title='bbox 303 3333 339 3378; x_wconf 63' lang='lat'>¹⁸0</span> 
     </span>
    </p>
   </div>
   <div class='ocr_carea' id='block_1_5' title="bbox 106 3445 1144 3556">
    <p class='ocr_par' dir='ltr' id='par_1_6' title="bbox 106 3445 1144 3556">
     <span class='ocr_line' id='line_1_36' title="bbox 106 3445 1144 3556; baseline 0.012 -12"><span class='ocrx_word' id='word_1_289' title='bbox 106 3445 163 3544; x_wconf 74' lang='lat' dir='ltr'>&#39;n</span> <span class='ocrx_word' id='word_1_290' title='bbox 302 3491 305 3504; x_wconf 40' lang='lat' dir='ltr'><strong><em>f</em></strong></span> <span class='ocrx_word' id='word_1_291' title='bbox 476 3459 699 3553; x_wconf 65' lang='lat' dir='ltr'>eramo.</span> <span class='ocrx_word' id='word_1_292' title='bbox 760 3481 1001 3556; x_wconf 61' lang='lat' dir='ltr'>uertunt.</span> <span class='ocrx_word' id='word_1_293' title='bbox 1141 3537 1144 3546; x_wconf 65' lang='grc'><strong><em>,</em></strong></span> 
     </span>
    </p>
   </div>
   <div class='ocr_carea' id='block_1_6' title="bbox 123 3603 1347 4300">
    <p class='ocr_par' dir='ltr' id='par_1_7' title="bbox 253 3603 1310 3698">
     <span class='ocr_line' id='line_1_37' title="bbox 253 3603 1310 3698; baseline -0.001 -26"><span class='ocrx_word' id='word_1_294' title='bbox 253 3605 428 3674; x_wconf 75' lang='lat' dir='ltr'>flerent·-</span> <span class='ocrx_word' id='word_1_295' title='bbox 449 3605 701 3696; x_wconf 86' lang='lat' dir='ltr'>quidamrolunt</span> <span class='ocrx_word' id='word_1_296' title='bbox 718 3608 860 3677; x_wconf 81' lang='lat' dir='ltr'>Alcidem</span> <span class='ocrx_word' id='word_1_297' title='bbox 882 3605 950 3680; x_wconf 83' lang='grc' dir='ltr'>α’πό</span> <span class='ocrx_word' id='word_1_298' title='bbox 970 3613 1032 3698; x_wconf 73' lang='grc' dir='ltr'>τῆς</span> <span class='ocrx_word' id='word_1_299' title='bbox 1052 3603 1154 3696; x_wconf 68' lang='lat' dir='ltr'>sileris</span> <span class='ocrx_word' id='word_1_300' title='bbox 1175 3607 1310 3682; x_wconf 86' lang='lat' dir='ltr'>dictum,</span> 
     </span>
    </p>

    <p class='ocr_par' dir='ltr' id='par_1_8' title="bbox 164 3685 1312 3786">
     <span class='ocr_line' id='line_1_38' title="bbox 164 3685 1312 3786; baseline -0.002 -30"><span class='ocrx_word' id='word_1_301' title='bbox 164 3685 271 3758; x_wconf 86' lang='lat' dir='ltr'>idest</span> <span class='ocrx_word' id='word_1_302' title='bbox 293 3714 313 3757; x_wconf 85' lang='lat' dir='ltr'>a</span> <span class='ocrx_word' id='word_1_303' title='bbox 336 3693 485 3786; x_wconf 77' lang='lat' dir='ltr'>virtute3</span> <span class='ocrx_word' id='word_1_304' title='bbox 508 3691 595 3781; x_wconf 88' lang='lat' dir='ltr'>quod</span> <span class='ocrx_word' id='word_1_305' title='bbox 611 3715 676 3759; x_wconf 93' lang='lat' dir='ltr'>non</span> <span class='ocrx_word' id='word_1_306' title='bbox 698 3696 862 3784; x_wconf 90' lang='lat' dir='ltr'>procedit,</span> <span class='ocrx_word' id='word_1_307' title='bbox 918 3697 969 3762; x_wconf 88' lang='lat' dir='ltr'>uia</span> <span class='ocrx_word' id='word_1_308' title='bbox 990 3696 1091 3784; x_wconf 89' lang='lat' dir='ltr'>prima</span> <span class='ocrx_word' id='word_1_309' title='bbox 1116 3705 1225 3762; x_wconf 82' lang='lat' dir='ltr'>aetate</span> <span class='ocrx_word' id='word_1_310' title='bbox 1249 3693 1312 3757; x_wconf 85' lang='lat' dir='ltr'>hoe</span> 
     </span>
    </p>

    <p class='ocr_par' dir='ltr' id='par_1_9' title="bbox 131 3777 1347 3955">
     <span class='ocr_line' id='line_1_39' title="bbox 131 3777 1314 3870; baseline -0.006 -24"><span class='ocrx_word' id='word_1_311' title='bbox 131 3842 132 3846; x_wconf 75' lang='grc'>,</span> <span class='ocrx_word' id='word_1_312' title='bbox 165 3795 282 3858; x_wconf 83' lang='lat' dir='ltr'>nomen</span> <span class='ocrx_word' id='word_1_313' title='bbox 311 3777 423 3845; x_wconf 88' lang='lat' dir='ltr'>habuit</span> <span class='ocrx_word' id='word_1_314' title='bbox 456 3780 498 3844; x_wconf 88' lang='lat' dir='ltr'>ab</span> <span class='ocrx_word' id='word_1_315' title='bbox 535 3779 671 3860; x_wconf 80' lang='lat' dir='ltr'>Alcaeo,</span> <span class='ocrx_word' id='word_1_316' title='bbox 707 3795 801 3868; x_wconf 87' lang='lat' dir='ltr'>patre</span> <span class='ocrx_word' id='word_1_317' title='bbox 828 3784 907 3868; x_wconf 71' lang='lat' dir='ltr'>timp</span> <span class='ocrx_word' id='word_1_318' title='bbox 930 3782 1081 3870; x_wconf 86' lang='lat' dir='ltr'>itryonis;</span> <span class='ocrx_word' id='word_1_319' title='bbox 1122 3793 1156 3848; x_wconf 91' lang='lat' dir='ltr'>et</span> <span class='ocrx_word' id='word_1_320' title='bbox 1189 3778 1314 3846; x_wconf 85' lang='lat' dir='ltr'>scimus</span> 
     </span>
     <span class='ocr_line' id='line_1_40' title="bbox 167 3861 1347 3955; baseline 0 -31"><span class='ocrx_word' id='word_1_321' title='bbox 167 3861 341 3948; x_wconf 77' lang='lat' dir='ltr'>agnomina</span> <span class='ocrx_word' id='word_1_322' title='bbox 357 3865 402 3930; x_wconf 89' lang='lat' dir='ltr'>ab</span> <span class='ocrx_word' id='word_1_323' title='bbox 423 3861 643 3932; x_wconf 80' lang='lat' dir='ltr'>accidentibus</span> <span class='ocrx_word' id='word_1_324' title='bbox 665 3862 742 3930; x_wconf 91' lang='lat' dir='ltr'>dari.</span> <span class='ocrx_word' id='word_1_325' title='bbox 795 3865 863 3934; x_wconf 83' lang='lat' dir='ltr'>Sed</span> <span class='ocrx_word' id='word_1_326' title='bbox 892 3867 1049 3932; x_wconf 83' lang='lat' dir='ltr'>Hercules</span> <span class='ocrx_word' id='word_1_327' title='bbox 1080 3863 1313 3955; x_wconf 89' lang='lat' dir='ltr'>aprudentio-</span> <span class='ocrx_word' id='word_1_328' title='bbox 1346 3861 1347 3908; x_wconf 73' lang='lat' dir='ltr'>l</span> 
     </span>
    </p>

    <p class='ocr_par' dir='ltr' id='par_1_10' title="bbox 123 3945 1315 4038">
     <span class='ocr_line' id='line_1_41' title="bbox 123 3945 1315 4038; baseline 0.002 -26"><span class='ocrx_word' id='word_1_329' title='bbox 123 3945 253 4012; x_wconf 79' lang='lat' dir='ltr'>toribus</span> <span class='ocrx_word' id='word_1_330' title='bbox 277 3945 383 4017; x_wconf 78' lang='lat' dir='ltr'>monte</span> <span class='ocrx_word' id='word_1_331' title='bbox 405 3951 511 4036; x_wconf 82' lang='lat' dir='ltr'>magis</span> <span class='ocrx_word' id='word_1_332' title='bbox 534 3971 628 4038; x_wconf 88' lang='lat' dir='ltr'>quam</span> <span class='ocrx_word' id='word_1_333' title='bbox 659 3971 796 4038; x_wconf 84' lang='lat' dir='ltr'>corpore</span> <span class='ocrx_word' id='word_1_334' title='bbox 826 3950 915 4018; x_wconf 83' lang='lat' dir='ltr'>sortis</span> <span class='ocrx_word' id='word_1_335' title='bbox 945 3949 1123 4030; x_wconf 88' lang='lat' dir='ltr'>inducitur,</span> <span class='ocrx_word' id='word_1_336' title='bbox 1160 3949 1247 4016; x_wconf 88' lang='lat' dir='ltr'>odeo</span> <span class='ocrx_word' id='word_1_337' title='bbox 1277 3954 1315 4009; x_wconf 83' lang='lat' dir='ltr'>ut</span> 
     </span>
    </p>

    <p class='ocr_par' dir='ltr' id='par_1_11' title="bbox 165 4027 1315 4125">
     <span class='ocr_line' id='line_1_42' title="bbox 165 4027 1315 4125; baseline 0.006 -29"><span class='ocrx_word' id='word_1_338' title='bbox 165 4027 337 4098; x_wconf 91' lang='lat' dir='ltr'>duodecim</span> <span class='ocrx_word' id='word_1_339' title='bbox 359 4032 427 4122; x_wconf 88' lang='lat' dir='ltr'>ejus</span> <span class='ocrx_word' id='word_1_340' title='bbox 447 4033 573 4102; x_wconf 85' lang='lat' dir='ltr'>labores</span> <span class='ocrx_word' id='word_1_341' title='bbox 595 4035 709 4100; x_wconf 90' lang='lat' dir='ltr'>relerri</span> <span class='ocrx_word' id='word_1_342' title='bbox 727 4035 849 4123; x_wconf 90' lang='lat' dir='ltr'>possint</span> <span class='ocrx_word' id='word_1_343' title='bbox 871 4036 913 4104; x_wconf 85' lang='lat' dir='ltr'>ed</span> <span class='ocrx_word' id='word_1_344' title='bbox 936 4037 1080 4125; x_wconf 86' lang='lat' dir='ltr'>aliquod;</span> <span class='ocrx_word' id='word_1_345' title='bbox 1114 4041 1196 4102; x_wconf 85' lang='lat' dir='ltr'>nam</span> <span class='ocrx_word' id='word_1_346' title='bbox 1209 4053 1315 4121; x_wconf 79' lang='lat' dir='ltr'>quum</span> 
     </span>
    </p>

    <p class='ocr_par' dir='ltr' id='par_1_12' title="bbox 164 4113 1318 4211">
     <span class='ocr_line' id='line_1_43' title="bbox 164 4113 1318 4211; baseline 0 -31"><span class='ocrx_word' id='word_1_347' title='bbox 164 4113 256 4204; x_wconf 90' lang='lat' dir='ltr'>plura</span> <span class='ocrx_word' id='word_1_348' title='bbox 278 4116 407 4198; x_wconf 85' lang='lat' dir='ltr'>fecerit,</span> <span class='ocrx_word' id='word_1_349' title='bbox 437 4116 607 4186; x_wconf 91' lang='lat' dir='ltr'>duodecim</span> <span class='ocrx_word' id='word_1_350' title='bbox 630 4121 799 4188; x_wconf 75' lang='lat' dir='ltr'>autumet</span> <span class='ocrx_word' id='word_1_351' title='bbox 822 4122 1025 4208; x_wconf 80' lang='lat' dir='ltr'>assignantur</span> <span class='ocrx_word' id='word_1_352' title='bbox 1046 4124 1175 4211; x_wconf 84' lang='lat' dir='ltr'>propter</span> <span class='ocrx_word' id='word_1_353' title='bbox 1196 4115 1318 4206; x_wconf 81' lang='lat' dir='ltr'>agnita</span> 
     </span>
    </p>

    <p class='ocr_par' dir='ltr' id='par_1_13' title="bbox 163 4199 1317 4300">
     <span class='ocr_line' id='line_1_44' title="bbox 163 4199 1317 4300; baseline -0.005 -30"><span class='ocrx_word' id='word_1_354' title='bbox 163 4199 338 4270; x_wconf 81' lang='lat' dir='ltr'>duodecim</span> <span class='ocrx_word' id='word_1_355' title='bbox 370 4203 487 4298; x_wconf 75' lang='lat' dir='ltr'>signa.</span> <span class='ocrx_word' id='word_1_356' title='bbox 528 4203 626 4280; x_wconf 80' lang='lat' dir='ltr'>Quod</span> <span class='ocrx_word' id='word_1_357' title='bbox 660 4217 767 4274; x_wconf 84' lang='lat' dir='ltr'>autem</span> <span class='ocrx_word' id='word_1_358' title='bbox 784 4205 914 4276; x_wconf 84' lang='lat' dir='ltr'>dicitur</span> <span class='ocrx_word' id='word_1_359' title='bbox 950 4208 1087 4300; x_wconf 85' lang='lat' dir='ltr'>traxisse</span> <span class='ocrx_word' id='word_1_360' title='bbox 1119 4207 1160 4274; x_wconf 81' lang='lat' dir='ltr'>ab</span> <span class='ocrx_word' id='word_1_361' title='bbox 1195 4200 1317 4270; x_wconf 85' lang='lat' dir='ltr'>interis</span> 
     </span>
    </p>
   </div>
   <div class='ocr_carea' id='block_1_7' title="bbox 0 0 1380 4794">
    <p class='ocr_par' dir='ltr' id='par_1_14' title="bbox 0 0 1380 4794">
     <span class='ocr_line' id='line_1_45' title="bbox 0 0 1380 4794; baseline 0 0"><span class='ocrx_word' id='word_1_362' title='bbox 0 0 1380 4794; x_wconf 95' lang='lat' dir='ltr'> </span> 
     </span>
    </p>
   </div>
  </div>
 </body>
</html>
