2698 4804
300 250 483 392 oryoagr.
503 252 574 328 111.
630 251 698 366 to.
752 251 896 327 Μ.
982 225 995 240 ”
1088 253 1223 355 251,

59 430 105 496 bet
138 431 247 501 veritas
302 433 389 502 hunc
419 454 531 520 regem
565 433 657 501 Asiae
696 432 903 524 praedivitem
934 435 1049 518 tuisse.
1088 439 1165 506 ideo

58 514 208 617 volaticum
230 483 366 597 dictum,
400 521 476 608 quia
497 521 566 586 navi
588 520 710 588 muitas
723 543 758 586 re
784 521 872 590 iones
891 524 1058 606 transierit
1101 525 1167 592 Hic

58 601 182 670 Africam
213 595 386 674 debellarit.
442 607 493 672 De
529 628 593 692 qua
625 627 662 670 re
684 617 730 673 ut
751 541 855 686 ,iatius
887 629 1055 693 agamus‚·
1077 610 1166 696 rogis

56 685 162 755 Phorci
182 699 247 758 tres
269 690 359 757 fuere
379 688 480 764 tiliae.
512 689 653 771 Stheuo‚
682 691 877 782 Euryaie‘et
904 693 1049 762 Medusa.
1090 687 1166 764 Ha'e

56 792 111 836 uno
129 776 429 853 ocuioutebaotur,
463 784 496 840 et
522 775 682 842 intuentes
712 777 744 842 io
772 775 915 866 lapidem
931 781 1191 858 convertebanto
1289 818 1293 827 =

56 856 166 926 Contra
187 871 266 952 quas
287 862 401 928 missus
423 861 563 928 Perseus
584 883 656 928 cum
674 859 984 963 clypeo'crystaiiioo
1003 877 1036 932 et
1055 865 1167 953 harpe,
1217 901 1221 908 ·

55 941 133 1026 quod
152 955 255 1031 genus
276 958 326 1014 est
346 946 400 1014 teli
423 945 548 1027 falcati,
572 943 702 1030 consilio
731 947 900 1015 Minervae
919 970 975 1016 eas
996 949 1166 1019 interiecit.

55 1026 169 1097 Revera
190 1045 315 1112 autem,
335 1042 373 1099 ut
394 1031 524 1117 Seruius
545 1033 665 1111 refert,
684 1042 750 1098 tres
774 1054 902 1102 sorores
922 1029 1054 1102 suerunt
1074 1037 1167 1103 unius

54 1113 291 1263 ppichritudiuis.
333 1116 431 1184 Unde
451 1119 560 1194 fictum
581 1129 648 1194 est,
684 1115 775 1204 quod
792 1138 857 1186 uno
879 1119 980 1192 oculo¹
995 1129 1168 1188 uterentur.

82 1217 190 1272 uerunt
226 1217 334 1274 autem
362 1201 642 1290 iocupietissimae3
684 1200 770 1286 unde
800 1214 844 1272 et
864 1205 1039 1292 Gorgones
1073 1207 1212 1294 quasise

54 1291 191 1375 γεωργοὶ,
209 1289 244 1356 id
266 1297 450 1356 estterroe
471 1287 633 1354 cultrices
655 1284 762 1355 dictae
783 1299 873 1370 sunt3
893 1293 936 1378 γῇ
958 1291 1039 1356 enim
1062 1295 1191 1373 terra,'
1228 1309 1230 1314 ’
1328 1317 1330 1324 ’

55 1374 137 1458 topia
157 1375 300 1439 etaltera
319 1372 554 1460 interpretatur.
595 1373 683 1439 Sane
703 1373 1005 1442 maximenon-orum
1022 1373 1171 1456 Medusa,

3 1467 8 1474 ”
55 1467 310 1541 patromottuo‚·
333 1458 365 1524 in
397 1479 534 1544 regnum
563 1469 772 1526 successerat.
829 1459 926 1535 Quae
943 1461 1016 1548 quia
1038 1461 1172 1527 astutior

56 1543 159 1611 ceteris
184 1546 263 1621 suit.
299 1544 405 1631 capite
446 1545 510 1610 icta
538 1555 589 1610 est
609 1547 800 1630 serpentino.
842 1544 997 1612 Adhanc
1018 1545 1173 1626 occiden-

56 1623 120 1694 dam
154 1630 367 1720 imaginario.
407 1567 445 1695 id
467 1639 522 1696 ost
550 1630 728 1728 crystallino
764 1649 841 1698 usus
879 1629 1003 1698 videtur
1030 1622 1170 1698 Perseus
1180 1655 1216 1707 1⁵

4 1753 8 1762 ι
56 1709 165 1801 oiypeo‚
187 1720 267 1805 quia
288 1714 430 1800 consiliis¹
445 1714 513 1803 ejus
535 1737 592 1818 per
607 1716 827 1803 speculatores
848 1738 923 1784 suos
967 1718 1174 1805 raecognitis,

54 1795 203 1887 inopinato
226 1825 329 1892 saepe
350 1821 486 1886 opomsu
507 1799 547 1872 iiio
569 1801 891 1889 obstiterittugientt.
917 1819 920 1824 ·
976 1824 1016 1868 ao
1045 1801 1175 1870 tandem

53 1882 230 1978 interemta,
269 1885 373 1982 capite
401 1885 516 1976 ipsius,
548 1885 582 1951 id
613 1899 663 1954 est
691 1887 887 1966 substantia,
920 1887 1044 1966 ablato,
1080 1889 1176 1955 ditior
1277 1913 1281 1931 ·

56 1967 166 2056 iactus,
198 1995 307 2060 regna
336 1993 398 2036 uec
424 1993 523 2068 parva
552 1991 613 2037 uec
640 1995 743 2075 pauoa
774 1973 916 2052 obtinuit.
965 1973 1114 2063 Banioue
1143 1984 1177 2040 et
1219 2007 1221 2015 =

32 2057 174 2126 ¹Atlantis
203 2081 345 2146 regnum
378 2056 529 2130 invadens
557 2057 670 2123 ausiiro
701 2060 863 2146 copiarum
893 2056 1069 2139 Medusae,
1102 2080 1220 2130 eumao

55 2138 81 2204 in
99 2158 236 2213 montem
267 2145 380 2229 fugere
402 2141 562 2230 compulit.
612 2141 708 2212 Unde
732 2166 789 2232 per
810 2154 908 2232 caput
928 2141 1083 2212 Medusae
1103 2167 1177 2213 eum

54 2225 80 2291 io
100 2245 238 2300 montem
264 2228 396 2315 tingitur
416 2228 618 2294 convertisse.
698 2279 701 2288 .
736 2239 737 2244 ’
936 2271 940 2280 ·

129 2317 159 2390 2.
203 2318 261 2383 De
283 2313 475 2410 Gorgonum
495 2323 601 2380 tamen
629 2311 851 2382 intersectione
871 2313 1034 2380 subtiliora
1055 2311 1180 2380 videtur
1207 2379 1210 2386 Δ

55 2398 175 2470 uadens
196 2400 409 2488 Fuigentius.
453 2401 569 2487 Gorgo
600 2399 702 2474 enim,
728 2398 846 2485 inquit,
885 2409 998 2463 terror
1024 2399 1180 2488 iuterpre-

55 2492 143 2561 tatur.
183 2489 276 2555 'fres
298 2495 405 2556 autem
426 2486 600 2573 Gorgonas
621 2484 685 2553 dici
713 2483 894 2563 uoluerunt,
932 2484 1006 2572 quia
1026 2483 1086 2554 tria
1108 2494 1219 2554 suntne

54 2573 179 2642 terroris
212 2593 342 2662 genera
370 2582 403 2638 et
428 2575 497 2640 'tres
531 2572 682 2649 effectus,
717 2568 804 2661 quod
833 2569 927 2637 etiam
959 2592 1020 2670 per
1053 2570 1182 2657 aomina

54 2654 161 2733 horum
181 2663 285 2728 trium
306 2657 512 2744 significatur.
566 2659 689 2724 Stheno
721 2677 858 2744 namque
890 2651 1057 2729 debilites
1084 2656 1182 2720 iuter-

76 2757 215 2824 rotatur‚
248 2742 284 2809 id
303 2755 353 2810 est
372 2743 493 2816 timoris
512 2743 652 2821 initium,
680 2741 768 2845 quod
788 2751 910 2810 tantum
930 2751 1069 2808 mentem
1091 2739 1182 2806 debi-
1244 2791 1246 2798 .

55 2763 133 2912 itatt
154 2829 304 2984 Eurpaie
322 2829 399 2893 iata
417 2825 646 2928 prostraditas
654 2879 670 2922 ,1
691 2828 726 2894 td
752 2839 801 2895 ast
832 2839 943 2914 stupor
963 2825 1013 2929 pei
1034 2826 1194 2906 amentia„

52 2912 332 3091 dirimit?
346 2912 849 3067 ..23⁰⁶ti..t“ittt..t¹⁰ttt.
866 2921 1027 3064 ”titttt
1046 2911 1238 3063 iiiiii
1304 2979 1307 2990 ·

182 3053 192 3082 ς
1034 3047 1043 3074 t

51 3084 146 3152 ,otiam
178 3087 353 3174 ostiginem
374 3082 493 3173 ingerit
514 3085 605 3152 visus.
647 3085 742 3151 Haeo
762 3083 846 3148 enim
866 3081 899 3148 in
920 3083 1098 3150 hominibus
1119 3094 1185 3150 ter·
1219 3152 1222 3160 ,

54 3189 104 3241 ror
124 3177 294 3261 operatur.
337 3171 477 3240 Perseus
494 3182 600 3241 autem
612 3169 644 3234 in
661 3172 767 3274 figura
779 3167 900 3234 virtutis
918 3168 1082 3257 accipitur.
1119 3161 1187 3234 Hic

54 3254 224 3344 adjuvaute
236 3258 379 3330 Minerva
393 3259 582 3344 Gorgonum
600 3255 727 3334 occidit,
746 3255 819 3342 quia
831 3253 927 3320 virtus
938 3250 1186 3341 auxiliosapieo-

53 3341 114 3409 tiae
134 3365 254 3412 ornnes
281 3353 420 3428 terrores
440 3344 542 3411 vincit
583 3340 818 3414 Ideoavarsus
840 3337 939 3417 aciat,
960 3338 1035 3426 quia
1055 3359 1229 3410 aversusaa

18 3513 22 3518 ὓ
53 3435 211 3501 terrorem
227 3450 385 3516 nusquam
399 3428 543 3516 respicit¹
559 3423 767 3514 speculatum
778 3425 839 3492 sert
852 3424 1010 3514 clypeum,
1030 3425 1105 3511 quia
1119 3445 1188 3490 om-
1242 3446 1244 3450 ·
1300 3508 1302 3520 .

53 3512 98 3582 uis
117 3515 231 3600 terror
250 3537 313 3583 uon
335 3514 437 3581 solum
457 3514 611 3588 in'oorde
630 3511 688 3579 sed
708 3513 802 3582 etiam
821 3510 853 3575 iu
882 3511 987 3598 figura
1006 3520 1157 3577 trauseat.

135 3602 169 3670 3.
214 3601 272 3677 De
293 3599 450 3688 sanguine
470 3600 538 3674 e'us
564 3610 658 3666 uatus
691 3599 793 3664 iertur
819 3596 989 3680 Pegasus,
1021 3595 1052 3660 iu
1081 3596 1102 3660 fi
1130 3615 1211 3660 ura·

54 3681 160 3758 iaiuae
198 3686 410 3766 constitutus,
433 3627 505 3775 ¹qui
534 3687 628 3754 etiam
665 3681 857 3770 secuudum=
873 3679 1058 3784 Remigium
1088 3617 1190 3762 firmes
1265 3708 1267 3720 ·

52 3770 298 3874 intorpretatur.
339 3772 450 3838 Virtus
472 3770 553 3838 enim
575 3771 651 3837 dum
674 3769 779 3836 omnia
810 3777 1025 3854 superaverit,
1062 3776 1095 3830 et
1124 3770 1245 3838 ter-40¹

53 3877 162 3928 rorem
189 3857 421 3962 amputaverit,
458 3869 691 3945 consequenter
713 3853 829 3920 famam
851 3845 996 3938 generat.
1040 3845 1136 3916 Unde
1157 3857 1192 3916 ot
1321 3857 1326 3866 “

53 3943 161 4016 voiare
184 3943 327 4019 dicutur.
348 3943 423 4031 quia
445 3944 530 4018 tama
551 3942 685 4008 uolucris
708 3952 765 4006 est
785 3979 786 3984 κ
807 3937 906 4004 Musis
931 3937 1047 4001 iontem
1072 3933 1192 4022 unguit

52 4050 110 4098 sua
135 4031 270 4120 rupisse
291 4028 425 4112 dicitur,
458 4029 545 4095 unde
577 4041 611 4095 et
632 4032 749 4115 potitae
778 4023 905 4100 bibunt,
945 4021 1019 4107 quia
1056 4019 1190 4102 herodot

53 4112 172 4183 samam
201 4121 321 4203 poetae
343 4115 507 4184 materiam
541 4111 701 4188 scribendi
722 4113 850 4198 habeut.
904 4105 1089 4176 Secundum
1113 4127 1193 4173 uou-

52 4201 158 4268 n'oiios
187 4211 300 4268 tamon
331 4202 480 4291 Pegasus
506 4197 591 4288 soor
623 4211 786 4265 aeternus
815 4193 1059 4283 interpretatur,
1100 4204 1135 4258 ot
1159 4192 1234 4293 into

52 4285 161 4373 figura
196 4288 374 4371 supientiae
410 4291 549 4378 ponitur.
608 4287 688 4353 Ideo
723 4283 897 4371 pennatus.
934 4280 1009 4384 quia
1040 4277 1194 4367 sapientia
