2744 4788
84 237 88 244 .
154 183 237 260 aaa
431 177 614 282 uram.
641 179 694 302 u.
725 133 1015 260 eoa-eoa.

156 367 199 432 ab
227 361 381 450 Aegistho
407 359 569 442 adultero,
597 361 748 452 Thyestis
777 373 810 432 et
833 363 988 453 Pelopiae
1007 362 1092 432 tibae
1112 387 1190 432 snae
1211 375 1291 442 nato,

158 449 285 516 occisus
308 458 379 530 esu
401 470 507 534 ,quem
536 446 649 536 postea
669 448 823 529 Orestes,
852 472 950 536 quum
971 447 1179 539 adolevisset,
1208 453 1292 518 simul

158 559 234 604 cum
270 545 372 601 matre
403 532 636 622 Clytemestra
669 532 702 597 in
734 532 883 601 ultionem
913 536 1011 638 patris
1038 537 1165 604 occidit.
1223 539 1292 612 Quo

159 619 289 688 crimine
311 641 407 709 quum
427 619 458 683 in
480 620 647 686 amentiam
673 640 781 685 versus
807 633 1015 701 surrexisset,
1048 623 1142 688 amici
1168 623 1292 712 Pyladis

135 706 298 785 amonitu,
339 704 381 770 ad
415 703 577 771 evitandas
611 704 726 770 Furias
762 714 825 770 tem
849 705 912 771 lum
946 694 1093 773 A'ollinis
1124 708 1292 794 ingressus,

161 815 262 881 quum
281 788 373 857 vellet
394 790 499 869 exire,
520 789 701 855 inrasemnt
719 811 792 856 eum
846 793 942 858 uriae.
1008 792 1060 858 'nc
1080 803 1149 859 est:
1173 795 1293 859 Sedent

160 877 304 962 ultricep
324 874 362 940 ia
385 874 508 940 limine
529 874 643 952 dirae,
670 873 778 948 Quum
799 898 874 942 vero
898 878 939 944 ab
960 877 1082 956 insania
1102 881 1215 944 carere
1235 903 1294 943 non

160 973 286 1052 posset,
317 957 481 1026 oraculum
502 957 588 1026 adiit
631 956 694 1026 cui
715 981 901 1048 responsum
930 974 997 1042 est,
1025 961 1076 1026 sic
1098 987 1177 1027 eum
1202 987 1295 1050 posse

160 1045 301 1123 sanari,
328 1045 361 1108 ai
381 1043 524 1108 Dianae
545 1043 726 1131 Scythicae
749 1046 977 1112 simulacrum
1001 1047 1045 1111 de
1069 1045 1221 1112 Taurica
1241 1071 1295 1112 re-

101 1129 157 1207 '10
190 1132 266 1194 icae
279 1129 408 1218 ferret.
459 1129 535 1194 Mos
565 1152 661 1216 quum
685 1129 818 1196 curandi
836 1131 952 1198 furoris
974 1132 1080 1218 gratie
1103 1155 1176 1199 cum
1196 1133 1294 1198 amieo

161 1153 286 1305 §ylade
317 1212 458 1282 Colchos
488 1223 628 1302 peteret,
668 1238 689 1280 a
726 1237 838 1282 sorore
865 1217 1011 1303 agnitus,
1043 1217 1110 1306 ejus
1144 1239 1295 1285 consensu

126 1359 129 1364 .
163 1302 272 1368 occiso
292 1321 374 1386 rege
390 1299 556 1378 Thoante,
590 1299 791 1366 simulacrum
818 1303 943 1370 sustulit
967 1303 1189 1369 absconditam
1211 1305 1296 1369 fasce

162 1388 323 1474 lignorum
344 1381 449 1472 (unde
469 1397 503 1453 et
518 1385 674 1450 Foroclie
689 1385 815 1466 dicitur,
833 1409 896 1452 non
920 1398 1042 1474 tantum
1062 1412 1083 1454 a
1105 1388 1198 1468 tace,
1226 1413 1295 1454 corn

164 1496 228 1562 qua
249 1471 406 1562 pingitur,
427 1469 485 1536 sed
505 1481 538 1536 et
558 1493 578 1536 a
598 1467 695 1549 fasec
714 1470 911 1558 lignorum),
933 1473 1024 1540 etad
1043 1473 1295 1550 Italiamdetubt,

123 1558 324 1630 lacellocans
345 1557 377 1622 in
398 1576 528 1621 nemore
554 1554 690 1622 Aricino.
710 1557 801 1624 ’Sed
821 1581 918 1646 quum
939 1570 1055 1648 postea
1075 1560 1226 1625 Romanis
1246 1585 1295 1626 sa-

164 1665 293 1711 crorum
315 1639 484 1708 erudelitas
507 1638 703 1727 displiceret,
732 1665 923 1731 quamquam
950 1645 1032 1710 serri
1053 1644 1295 1724 immolarentur,

164 1728 208 1797 ad
233 1729 382 1796 Laconas
411 1737 461 1794 est
487 1724 654 1806 translata,
686 1726 794 1816 ibique
816 1730 965 1796 sacrificii
993 1729 1192 1798 consuetudo
1221 1730 1295 1796 ado-

163 1814 338 1882 lescentum
366 1811 548 1878 verberibus
576 1811 779 1895 servabatur,
809 1815 864 1904 qui
885 1816 1082 1882 vocabantur
1101 1819 1295 1904 βωμονίκαι.

164 1899 212 1966 Hi
240 1899 361 1966 tamdiu
388 1894 649 1984 flagellabantur,
682 1897 789 1966 donee
813 1920 910 1967 cruor
936 1923 976 1968 ex
1005 1902 1145 1967 humano
1166 1922 1295 1988 corpore

124 1985 290 2056 muneret.
333 1982 532 2072 Superpositi
559 1983 641 2047 enim
664 1983 726 2050 aris
747 1984 1001 2064 contendebant,
1033 1986 1087 2074 qui
1114 1986 1199 2090 plura
1223 2007 1292 2049 ver-

167 2071 245 2136 bera
266 2083 394 2158 possent
413 2067 578 2137 sustinere.
622 2069 746 2137 Orestis
765 2094 840 2137 vero
860 2095 951 2151 ossa,
971 2074 1017 2152 ab
1038 2072 1146 2140 Aricia
1163 2071 1292 2138 mam

61 2249 64 2256 Ι
165 2153 337 2239 translate,
358 2168 433 2224 ante
453 2153 603 2244 templum
625 2155 756 2223 Saturni
776 2169 849 2226 sunt
868 2159 981 2248 posita.

393 2327 490 2402 205.
550 2330 773 2430 duppiter
807 2346 850 2408 et
885 2328 1072 2433 Aegina.
1170 2329 1173 2334 ⁶

253 2460 417 2550 luppiter,
437 2459 470 2523 in
503 2457 637 2544 aquilam
672 2469 826 2537 mutatus,
847 2459 1020 2548 Aeginam,
1042 2459 1139 2546 Asopi
1167 2458 1301 2527 fluminis

128 2546 281 2626 cultam,
312 2546 434 2634 rapuit3
471 2553 504 2610 et
524 2565 594 2608 eam
615 2541 740 2624 vitians,
774 2545 871 2611 filium
892 2546 1018 2611 nomine
1044 2547 1182 2611 Aeacum
1204 2568 1244 2610 ex
1265 2567 1302 2608 ea

170 2631 318 2720 suscepit
362 2630 469 2705 Quam
496 2639 619 2714 raptam
637 2651 734 2715 quum
758 2642 848 2717 pater
868 2653 971 2719 aequo
1001 2631 1105 2697 animo
1133 2630 1221 2696 ferre
1241 2652 1302 2694 non

169 2732 295 2822 posset,
316 2715 402 2784 omni
422 2735 576 2807 aquarum
598 2715 727 2800 agmine
756 2717 877 2784 caelum
908 2717 1055 2805 petebat,
1087 2715 1160 2782 Jovi
1188 2713 1303 2781 bellum

169 2805 317 2870 inferens.
369 2802 443 2874 Quo
478 2800 582 2879 facto,
616 2801 704 2868 lovis
733 2802 872 2869 fulmine
897 2824 1065 2890 percussus
1095 2813 1153 2866 est
1202 2800 1303 2888 Cujus

170 2888 319 2956 infamiae
358 2885 509 2954 memoria
541 2897 575 2952 ut
595 2885 629 2952 in
655 2899 820 2955 aeternum
857 2898 1016 2965 maneret,
1049 2885 1164 2972 dicitur
1193 2886 1302 2966 bodie,

92 3039 96 3046 ,
130 2977 224 3049 soille
245 2986 408 3063 tempore,
428 2990 493 3062 quo
513 2971 596 3044 ictus
618 2985 684 3054 est,
715 2974 824 3062 prunis
843 2973 1028 3041 ardentibus
1049 2974 1159 3038 lluere.

563 3143 679 3219 204.Ι
713 3135 922 3221 Aeaeus:

257 3274 397 3350 Aeacus,
427 3271 508 3340 lilius
528 3274 615 3341 Jovis
637 3284 670 3358 et
688 3273 829 3361 Aeginae
849 3271 1010 3361 Asopidis,
1032 3297 1130 3362 quum
1149 3273 1309 3362 Aeginam

75 3409 85 3424 .
173 3359 305 3427 insulam
320 3357 491 3438 incoleret,
513 3371 546 3425 et
566 3383 699 3446 gravem
743 3359 928 3438 estilentiam
948 3359 1081 3426 lunonis
1101 3361 1152 3448 ira·
1171 3362 1311 3432 sustine-

174 3458 242 3521 ret,
272 3445 421 3532 precibus
441 3445 689 3513 miserieordiam
710 3383 797 3526 ibris
815 3444 1000 3532 impetravit.
1042 3447 1148 3519 Quom
1169 3447 1256 3512 enim
1279 3447 1311 3510 in

134 3533 291 3618 aaarbpre
309 3530 362 3596 fici
384 3529 548 3612 formicas,
571 3530 604 3596 id
633 3543 682 3597 est
702 3524 899 3618 μύρμηκας,
930 3529 1074 3610 vidisset,
1108 3531 1228 3618 optavit
1252 3531 1313 3596 sibi

138 3645 142 3654 ¹
176 3628 224 3685 tot
253 3615 357 3683 socios
387 3615 521 3681 evenire.
574 3616 620 3682 Et
647 3617 752 3682 statim
781 3615 934 3682 formicae
963 3615 995 3680 in
1016 3616 1166 3698 ,homines
1195 3638 1313 3683 versae

61 3747 63 3758 ·
176 3697 267 3784 aant3
289 3701 375 3766 unde
390 3701 473 3768 *dicti
493 3712 567 3769 sunt
596 3699 886 3789 Myrmidones.
936 3701 1010 3767 Hae
1043 3713 1150 3768 autem
1179 3701 1315 3767 fabulae

176 3799 257 3855 sunt
298 3786 367 3854 sed
387 3809 496 3855 verum
517 3797 584 3868 est,
605 3786 819 3876 Myrmidones
837 3784 939 3854 dictos
961 3810 982 3854 a
1001 3809 1083 3890 rege
1097 3786 1315 3878 Myrmidone.

442 3988 539 4066 205.
600 3989 766 4088 Peleus
795 4001 841 4064 et
866 3989 1042 4065 Thetis.

135 4146 174 4198 lo
268 4122 375 4197 Quum
402 4119 548 4207 luppiter
576 4118 666 4186 vellet
696 4116 883 4198 Thetidem,
915 4117 1133 4208 Nympharum
1165 4127 1322 4200 matrem,

178 4207 315 4288 ducere,
337 4189 403 4274 lata
421 4204 669 4292 prohibuerunt,
690 4227 729 4272 eo
750 4201 837 4296 quod
857 4202 979 4295 proles,
1000 4225 1084 4319 quae
1112 4218 1320 4280 nasceretur,
