2786 4800
349 134 364 202 s
420 130 602 272 uguo'gr.
631 163 663 241 1.
717 161 922 240 sa-cr.
962 155 969 164 “
1190 165 1241 243 st
1341 151 1358 171 “

109 373 159 418 sus
179 359 239 418 est
283 347 425 416 Moriens
454 359 559 416 autem
585 347 707 416 Nessus
729 345 806 416 dixit
826 347 1011 416 Deianirae:
1030 347 1156 436 collige
1178 348 1245 416 tibi

105 458 264 502 cruorem
279 435 405 513 istum,
428 433 561 520 eritque
577 430 643 498 tihi
656 455 720 519 pro
735 453 910 499 munerea
922 457 977 514 mc
988 433 1123 499 datum.
1143 433 1244 501 Nem
1324 475 1327 482 ·

103 519 299 606 siquando
320 517 486 584 Herculis
513 538 611 584 arnor
631 539 655 582 ct
677 529 711 581 te
732 517 976 598 declinaverit,
1002 529 1148 594 vestem,
1180 517 1247 583 hoc-

103 626 228 670 cruore
241 608 278 667 in
274 602 427 686 sectam,
446 601 522 667 viro
535 598 708 676 tribuens,
730 605 804 690 ejus
817 625 969 672 amorem
979 601 1151 668 revocabis
1164 601 1239 668 riui.

104 689 216 764 Quum
245 687 345 775 igitur
372 685 530 775 Hercules
559 684 717 774 quartdam
749 687 949 754 meretricem
973 688 1110 766 amaret,
1141 701 1264 755 exosas

103 773 260 840 Deianira
282 771 366 841 misit
386 771 417 838 ei
437 784 574 851 testem,
602 770 797 838 illoteueno
821 772 988 847 inlectam,
1009 773 1163 841 mandans
1205 795 1241 838 er

101 859 254 938 Licham,
276 856 425 924 famulum
447 857 533 946 ejus,
554 869 591 924 ut
613 857 691 924 hora
711 855 857 924 sacrificii
878 857 959 924 illam
981 855 1137 926 indueret.
1167 795 1242 934 gua

102 943 255 1024 indutus,
283 943 426 1010 adhaesit
447 943 521 1010 cuti
549 939 646 1021 trtius,
679 943 848 1034 coepitque
876 963 1030 1010 venenum
1047 955 1142 1012 artus
1162 943 1240 1011 illius

101 1029 275 1096 infundere
293 1041 326 1096 et
336 1026 516 1098 incendere.
545 1029 642 1094 'Pone
655 1027 800 1109 Licham,
821 1027 875 1118 qui
893 1026 1055 1096 eivestem
1069 1027 1241 1111 detulerat,

103 1115 139 1180 in
162 1115 330 1180 Euboicas
358 1114 494 1205 projecit
519 1111 630 1181 undas.
668 1113 714 1180 Se
736 1113 841 1204 ipsum
861 1114 1035 1186 in'Aetnae
1056 1115 1170 1186 montis
1189 1115 1288 1206 in-to¹

110 1199 255 1268 cendium
275 1199 377 1282 misit,
408 1207 441 1269 e't
461 1197 508 1268 sic
528 1199 610 1292 inter
629 1196 708 1280 deos
730 1198 900 1270 translatus
922 1211 982 1274 est

286 1336 355 1413 59.
401 1317 699 1414 Philoctetes
737 1349 781 1412 et
813 1309 1054 1414 Hercules.
1326 1337 1335 1376 ‘

191 1457 388 1536 Philoctetes
418 1457 477 1525 luit
497 1450 649 1524 Poeantis
678 1459 777 1539 filius,
806 1458 954 1530 Herculis
977 1481 1092 1526 comes
1137 1457 1242 1533 Quem

110 1544 284 1625 Hercules,
312 1565 408 1632 quum
431 1543 589 1618 hominem
613 1543 645 1608 in
667 1549 768 1616 Aetna
789 1556 897 1614 monte
918 1544 1112 1634 deponeret,
1140 1544 1241 1636 petiit,

38 1657 42 1666 =
106 1651 147 1695 ne
174 1629 269 1697 alicui
299 1630 347 1696 sui
377 1628 519 1718 corporis
546 1627 692 1714 reliquias
718 1629 880 1700 indicaret.
933 1631 987 1698 De
1014 1653 1077 1722 qua
1105 1651 1141 1696 re
1164 1651 1280 1706 eumls

100 1715 213 1806 jurare
253 1713 418 1809 compulit,
457 1723 490 1782 et
528 1714 557 1780 ei
589 1734 648 1802 pro
668 1737 800 1783 munere
822 1714 911 1785 dedit
938 1717 1088 1804 sagittas,
1117 1713 1239 1808 hydrae

105 1801 179 1866 telle
206 1801 330 1869 tinetas.
379 1799 501 1869 Postea
528 1796 671 1890 'l'rojuno
700 1801 781 1868 helio
808 1823 994 1892 responsum
1022 1813 1088 1882 est,
1114 1801 1240 1889 sagittis

103 1888 256 1952 Herculis
277 1902 358 1975 opus
377 1907 449 1952 esse
469 1883 512 1951 ad
533 1885 669 1974 Proice,
698 1911 754 1955 seu
776 1886 842 1970 Ilii,
869 1889 1143 2038 expupnationem.
1187 1885 1240 1952 ln-

104 1981 218 2038 ventus
239 1970 347 2060 itaque
365 1971 577 2052 Philoctetes,
605 1994 702 2059 quum
723 1975 764 2040 ab
786 1995 826 2038 eo
846 1972 958 2040 Hercu
971 1995 1005 2042 es
1023 1983 1241 2062 quaereretur,

105 2070 138 2124 et
160 2071 298 2144 negaret
318 2057 419 2146 primo
441 2056 597 2132 rescire,
627 2059 678 2124 ubi
700 2070 787 2128 esset
807 2059 981 2138 Hercules,
1011 2057 1139 2126 tandem
1162 2079 1281 2136 con-20

107 2144 210 2210 lessus
240 2155 306 2221 est,
343 2155 502 2210 mortuum
531 2165 611 2208 esse.
653 2143 743 2210 Idem
773 2157 870 2232 quum
898 2143 1014 2210 acriter
1034 2143 1076 2209 ad
1097 2141 1239 2208 indican-

108 2229 183 2292 dum
204 2227 382 2313 sepulcrum
406 2227 473 2317 ejus
495 2238 685 2315 cogeretur,
735 2227 796 2294 ede
818 2227 921 2295 locum
941 2227 1113 2316 percussit,
1141 2248 1239 2314 quum

107 2311 203 2380 nollet
222 2313 341 2379 dicere.
386 2313 504 2380 Postea
527 2335 667 2401 pergens
690 2253 733 2382 al
748 2311 885 2393 bellum,
906 2336 1002 2403 quum
1023 2322 1240 2392 exerceretur,
1311 2342 1315 2356 ·

105 2399 244 2486 sagittae
265 2400 356 2466 tinius
379 2421 455 2466 casu
478 2400 657 2468 vulneratus
679 2415 729 2468 est
748 2401 779 2470 io
808 2399 911 2489 pede,
944 2421 1008 2490 quo
1035 2409 1238 2488 percusserat

105 2485 268 2552 tumulum.
318 2485 411 2572 Ergo
433 2506 529 2571 quum
562 2485 717 2554 foetorem
745 2485 925 2552 insanabilis
955 2484 1089 2553 vulneris
1105 2484 1277 2555 'Graecina

103 2571 191 2636 serre
222 2593 292 2649 ¹non
322 2581 472 2721 possent,
515 2563 584 2637 diu'
606 2571 753 2660 equidem
784 2593 848 2724 pro
874 2570 1002 2638 'oraculi
1036 2561 1236 2652 necessitate,

101 2655 235 2723 ductum
265 2666 318 2722 tan
344 2679 392 2721 em
421 2654 507 2744 apud
536 2655 694 2724 Lemnum
723 2657 782 2725 sub
794 2657 857 2726 atis
881 2655 1076 2746 reliquerunt
1101 2680 1116 2724 s
1162 2656 1236 2724 iltis.

100 2742 168 2808 Hic
197 2753 309 2828 postea
339 2741 472 2807 horrore
499 2741 547 2808 sul
576 2742 710 2810 vulneris
736 2741 778 2808 ad
799 2742 931 2833 patriam
951 2740 1058 2810 redire
1079 2742 1236 2832 negexit3

102 2826 162 2896 scd
182 2827 243 2896 sibi
263 2849 390 2916 parvam
414 2824 564 2895 Petiliam
577 2827 608 2894 in
631 2828 800 2897 Calabriae
820 2828 962 2932 partibus
985 2828 1068 2898 lecit

340 2945 436 3051 ’6,0.
489 2967 686 3068 Nepotes
726 2971 961 3048 Herculis..
1232 2991 1273 3043 'so

185 3087 363 3176 Postquam
392 3090 550 3157 Hercules
581 3087 729 3179 migravit
756 3115 775 3158 e
801 3090 912 3169 terris,
943 3098 1074 3178 nepotes
1096 3083 1174 3178 djus,
1195 3083 1234 3152 ti·

102 3185 227 3240 mentes
245 3173 373 3240 insidias
390 3196 518 3254 eorum,
551 3199 630 3264 quos
660 3175 818 3244 Hercules
840 3175 997 3242 afflixerat
1018 3171 1234 3264 multipliciter.

102 3259 235 3326 Athenis
258 3259 317 3330 tibi
336 3261 427 3348 primi
448 3263 586 3352 asylum,
599 3261 673 3340 hoc
692 3275 741 3330 est
760 3260 911 3352 templum
931 3259 1108 3338 Minervae,
1138 3254 1234 3322 collo-

104 3357 232 3423 carunt,
262 3342 349 3420 undo
375 3345 475 3414 nullus
503 3345 611 3436 postet
632 3348 766 3428 ahduci;
805 3347 892 3444 quod
929 3357 962 3414 et
991 3346 1110 3418 Statius
1140 3341 1232 3407 dicit:

105 3428 294 3496 Herculeos
314 3431 428 3496 sedent
443 3430 619 3517 snrtdasse
639 3457 681 3500 ne
707 3445 787 3503 ntes.
828 3432 906 3504 ldeo
930 3452 1012 3518 ergo
1044 3432 1102 3509 ait,
1138 3425 1270 3530 querito
1311 3487 1318 3500 ,
1362 3505 1363 3510 ¹

104 3511 277 3578 Bontulns
289 3509 439 3582 Athenis
448 3517 585 3606 asylum
602 3458 744 3600 retulit,
766 3518 829 3585 hoe
847 3533 905 3593 est,
926 3528 989 3585 tem
1012 3514 1075 3586 lum
1097 3512 1172 3579 lectt
1191 3508 1235 3582 ud

102 3596 310 3665 imitationem
333 3600 527 3669 Atheniensis
550 3601 635 3696 asyli.
663 3600 760 3678 Quod
782 3603 855 3672 ideo
884 3541 1039 3682 Romulus
1071 3597 1161 3675 fecit,
1194 3607 1230 3665 ¹¹⁸

101 3683 236 3750 haberet
257 3684 395 3754 advenas
415 3685 537 3775 plures,
560 3710 632 3754 cum
654 3691 767 3778 quihus
788 3689 941 3756 conderet
952 3689 1098 3754 Romam.
1134 3682 1231 3750 Unde

103 3768 281 3836 luvenalis:
309 3771 357 3836 Et
378 3783 493 3846 lernen
512 3783 551 3838 nt
570 3773 672 3860 longe
690 3785 826 3862 repetes
841 3775 1008 3862 longeque
1023 3769 1176 3848 recolens
1192 3803 1234 3822 --

104 3877 244 3934 nonten,
272 3853 315 3920 ab
335 3853 464 3944 insumi
481 3868 623 3946 gentem
644 3858 786 3929 deducis
807 3859 916 3945 asylo.
1240 3885 1276 3938 ω

236 4033 239 4045 ·
349 3985 414 4063 61.
468 3990 639 4068 Pholus
676 3958 992 4086 etflercules.

13 4133 14 4140 ¹
133 4099 135 4106 '
189 4081 334 4183 Pholoe,
348 4107 436 4176 s'dvn
464 4108 669 4193 Thessaliae,
697 4103 785 4178 dicta
805 4133 827 4176 a
846 4108 949 4177 Pholo
975 4111 1154 4186 Centauro,
1184 4105 1237 4193 qui
1314 4078 1318 4090 ⁸

106 4215 177 4262 eam
214 4194 390 4275 incolebam
409 4193 498 4284 'quia
526 4194 648 4264 Pholus
676 4208 841 4286 tempore,
880 4218 944 4285 quo
979 4197 1020 4263 ab
1054 4193 1238 4300 Eurystheo
