2716 4794
174 279 254 360 ire
363 335 370 350 ,
472 280 657 388 rimosi.
685 279 757 358 ιιι.
812 279 853 357 a.
906 275 1045 357 u-a.

176 465 290 534 oblirio
311 460 418 534 senilis
438 475 499 548 est,
518 465 614 534 niorti
628 487 703 540 sein
745 462 893 534 rricius.
938 455 1283 540 domiminum

178 561 310 641 gustato
331 551 500 639 finguntur
518 551 683 638 animae-a
728 573 865 656 corpora
895 548 974 617 telle
1004 547 1129 624 reveri,
1165 543 1202 610 ad
1229 539 1283 608 ulti·

178 661 269 706 orem
291 647 420 726 spectet
436 636 697 726 philosophorum
717 636 929 706 traditionem.
972 637 1072 713 Quam
1088 632 1156 721 quia
1171 625 1284 704 rudibus
1336 667 1337 720 3

86 749 89 754 ·
178 723 313 793 arduam
334 724 423 802 nori,
452 724 527 790 huic
549 723 697 791 tractatui
719 723 821 790 miuus
842 721 990 788 idoneam
1006 717 1148 811 judicari.
1336 771 1337 780 ,

154 831 173 884 b
264 811 296 876 8.
340 809 566 876 Verumtamen
588 820 624 876 ut
645 807 688 874 de
708 807 877 876 indefinitis
899 820 932 874 et
958 801 1209 876 inextricabilibus
1225 816 1288 898 pan·
1336 879 1337 894 χ

180 896 307 964 cissima
337 905 370 962 et
400 894 556 963 letissime
584 914 751 975 eruamus,
783 915 824 961 ne
855 893 983 961 omnino
1004 893 1035 959 iu
1055 892 1119 971 hia,
1148 884 1288 974 inquibus
1336 895 1337 978 q

180 979 317 1049 maxime
336 977 514 1048 laboratum
537 991 602 1056 est,
626 980 868 1070 incompetentia
890 979 1002 1048 silentii
1017 993 1200 1066 arguamurt
1216 969 1291 1058 juxta
1336 997 1337 1006 ³

181 1064 460 1156 philosophorum,
498 1064 565 1133 sire
591 1065 713 1152 magis,
749 1075 786 1135 ut
814 1064 945 1156 quidam
971 1064 1095 1145 dicunt,
1135 1056 1291 1126 frivolorum
1336 1103 1337 1140 ,

183 1152 368 1241 opiniones,
401 1152 524 1219 animae
545 1150 587 1218 ab
606 1151 708 1219 initio.
721 1150 830 1218 mundi
858 1160 987 1218 creatae
1008 1165 1041 1220 et
1059 1150 1091 1216 in
1111 1144 1211 1216 stellis·
1223 1161 1293 1206 coru·
1336 1149 1337 1160 ’

142 1238 314 1327 luparibus
334 1235 459 1388 positae
483 1247 574 1319 sunt,
605 1248 641 1309 ut
668 1235 887 1304 raticinbilem
913 1237 957 1303 ibi
985 1247 1107 1306 motum
1132 1221 1296 1325 firmamenti

184 1335 331 1410 contemp
344 1334 490 1402 arentur,
522 1333 555 1392 et
575 1344 650 1389 cuni
670 1341 728 1413 spe
748 1335 782 1392 et
802 1321 961 1391 desiderio
984 1341 1126 1390 suminue
1152 1309 1295 1384 beatitud·
1337 1395 1338 1400 ἵ

183 1410 232 1477 nir
252 1409 343 1474 iocor
366 1421 552 1489 orarentur,
582 1420 620 1477 ut
638 1407 814 1477 secuudum
834 1420 957 1477 motum
977 1405 1165 1476 lirmame'nti
1184 1415 1297 1486 corpora
1337 1401 1338 1478 i

183 1494 411 1562 rationab'ter
432 1504 601 1582 regerent;
631 1493 675 1560 ibi
707 1505 814 1562 antem
847 1505 1027 1576 morantes,
1074 1495 1115 1560 ab
1143 1487 1239 1567 cinni,
1270 1491 1297 1546 ¹¹!
1337 1493 1338 1554 l

185 1582 290 1670 ajunt,
321 1600 478 1668 corporea
500 1580 692 1670 contagione
712 1577 846 1662 liberae,
868 1580 991 1650 caeluni
1013 1576 1226 1669 possiderent,
1242 1589 1300 1659 per·

63 1706 69 1720 =
138 1670 369 1754 ielecmmque
393 1663 532 1733 omnium
562 1677 596 1734 et
622 1666 864 1769 praeteritorum
891 1676 925 1736 et
952 1665 1167 1756 praesentium
1198 1661 1299 1727 lutum·

183 1773 321 1840 rumque
340 1751 520 1819 obtinerent
540 1751 766 1838 cognitionem.
803 1753 994 1828 Quaerere
1014 1749 1228 1842 appetentiam
1244 1759 1314 1810 cot-¹
1337 1835 1338 1838 Ἴ

184 1835 289 1926 poris,
325 1845 358 1903 et
378 1835 589 1926 hujus-quom
612 1838 646 1903 iii
675 1848 763 1914 terni
790 1838 886 1906 vitam
907 1859 1081 1920 vocamus,
1119 1840 1160 1904 ab
1180 1833 1227 1900 illa
1244 1847 1300 1924 spe3

185 1919 259 1989 cule
279 1917 428 1990 altissime
448 1931 482 1990 et
534 1928 667 2011 erpetua
695 1921 768 1992 luca
795 1921 990 2013 despicieris,
1028 1922 1191 1992 desiderio
1217 1917 1303 2014 leteult

185 2007 392 2158 cogitaverit,
413 2029 494 2095 *pon
518 2029 574 2086 erc
599 2007 670 2098 ipso
700 2021 849 2078 terrenae
882 2008 1088 2098 cogitationis
1118 2004 1259 2099 paulatin
1280 2017 1303 2062 u

142 2093 218 2162 acin
233 2093 337 2159 eriora
354 2090 520 2162 delabitur.
562 2095 634 2161 Nec
654 2095 761 2163 subito
781 2095 911 2185 quidem
931 2119 952 2163 ιι
972 2096 1123 2185 perfecta
1142 2096 1301 2178 incorpor-

184 2179 273 2250 litete
292 2178 412 2247 luteum
440 2201 558 2269 corpus
584 2179 745 2264 induitur,
776 2180 835 2248 sed
863 2182 979 2250 sensim
1009 2203 1072 2271 per
1102 2181 1204 2252 tacita
1229 2165 1305 2242 detti·

184 2275 312 2349 menta,
349 2277 382 2333 et
399 2263 580 2354 longiorem
599 2267 749 2356 simplicis
771 2277 805 2334 et
826 2266 1082 2338 absolutissimae
1110 2259 1250 2372 puritatis
1268 2276 1305 2322 rt·

184 2373 312 2440 cessum
342 2351 374 2418 in
404 2352 564 2442 quaedam
585 2353 728 2442 corporis
752 2352 946 2422 incrementa
973 2365 1150 2444 turgescit.
1200 2349 1236 2420 lii
1262 2341 1308 2410 sii·

183 2438 267 2527 gulis
301 2437 384 2504 euim
412 2437 573 2525 sphaeris,
600 2459 697 2526 ‘quae
727 2438 817 2504 caelo
842 2440 1009 2530 subjectae
1045 2452 1147 2524 sunt,
1180 2429 1307 2526 ‘qutdffl
1338 2430 1339 2510 l

20 2539 21 2544 ’
140 2525 337 2598 esnetherea
362 2523 565 2590 obvolutione
586 2523 732 2604 vestitur,
767 2536 803 2590 ut
831 2546 904 2614 per¹
918 2547 973 2594 ees
995 2527 1169 2614 gradatim
1189 2509 1312 2593 socient
1338 2513 1339 2584 l

183 2610 277 2700 hujus
297 2607 475 2678 indumenti
495 2607 588 2675 testei
607 2609 808 2691 concliorum
828 2623 1012 2716 quantoque
1026 2613 1158 2702 ubique
1177 2617 1313 2698 corporet
1338 2605 1339 2610 ’

183 2694 457 2765 circumductione
467 2691 617 2776 induitur,
637 2704 725 2763 tanto
745 2695 864 2764 ibidem
884 2698 1035 2787 pristinae
1049 2699 1314 2783 scientiaeque·

183 2783 286 2872 potita
318 2792 386 2864 est,
424 2779 645 2862 subtilitatem,
684 2783 914 2888 virtutumque,
974 2803 1033 2853 uas
1071 2796 1215 2852 eatenus
1248 2772 1339 2850 saliit

183 2877 391 2950 exercuerat,
410 2865 657 2960 ,perfectionem
678 2869 771 2936 obrui
790 2879 916 2958 petitur.
991 2871 1078 2940 rehit
1102 2869 1194 2940 enim
1213 2879 1316 2936 secum
1338 2861 1339 2908 l

142 2965 221 3030 pont
241 2964 423 3033 antumant,
458 2967 623 3045 torporem
652 2954 851 3038 aSaturno,
884 2953 1034 3023 eMarte
1060 2954 1318 3041 iracundiam}

182 3039 312 3106 Venere
331 3039 502 3122 libidinem,
523 3037 820 3108 aMercuriu'lucri
840 3040 1057 3130 cupiditatem,
1091 3044 1224 3110 c-Jore
1243 3045 1317 3120 rcgffl

183 3121 386 3195 desiderium.
430 3127 613 3208 Quaeres,
636 3136 672 3194 ut
692 3127 798 3220 ajunt,
817 3125 1094 3216 perturbationem
1116 3128 1186 3219 ipsi
1209 3124 1322 3194 iaciunt

174 3231 227 3275 ne
248 3233 307 3278 suo
328 3212 439 3316 rigore
466 3225 500 3281 et
520 3211 637 3280 ririb'us
660 3212 797 3304 propriis
823 3213 869 3280 uti
897 3212 1006 3304 possit.
1048 3210 1136 3284 Hec
1168 3214 1265 3292 etiem
1282 3223 1320 3271 tl·

183 3295 271 3363 tione
314 3299 460 3366 erhibent
480 3299 711 3384 mathematici,
752 3295 839 3388 quod
860 3297 1058 3387 singulorum
1084 3301 1264 3370 uumiuuui
1280 3309 1324 3382 po

141 3319 350 3457 setestatihus
372 3383 508 3452 connexi
526 3385 634 3452 simus.
693 3420 696 3428 ·

269 3469 301 3538 9.
343 3469 497 3560 Reliqua,
534 3489 620 3560 quae
650 3469 693 3543 de
722 3470 770 3540 his
799 3467 905 3538 sanxit
935 3467 1117 3557 antiquitas
1154 3470 1267 3539 minna
1295 3450 1327 3526 tl

184 3553 269 3621 henc
286 3575 356 3646 rem
378 3557 536 3658 pertinere
563 3557 630 3626 vise
649 3567 742 3639 sunt;
774 3549 817 3624 de
843 3556 962 3648 quihus
985 3561 1101 3622 tamen
1134 3552 1328 3647 aliquidaut

83 3655 87 3661 '
182 3639 256 3706 loco
276 3652 511 3731 perstringetur
530 3642 672 3712 inferius.
712 3643 893 3732 Aplauetis
913 3655 991 3708 reru
1005 3655 1070 3746 per
1080 3642 1255 3712 interiora
1271 3635 1329 3700 det·

86 3791 91 3799 ,
185 3725 344 3814 cendone,
382 3727 474 3795 variis
512 3728 696 3798 tumultibus
732 3729 875 3818 pulsatur
901 3725 1103 3818 grandinum
1146 3742 1188 3801 et
1218 3725 1333 3798 uirium·

71 3808 77 3830 '
143 3807 360 3962 topluriamm
383 3822 627 3919 *et‘ientorninf
649 3814 851 3919 'tandemque
876 3815 1016 3885 tenebris
1045 3817 1216 3920 corporis
1247 3812 1333 3878 obre

197 3908 271 3979 ute,
298 3896 381 3967 adeo
403 3897 509 3990 rigida
530 3921 675 3990 corporis
695 3899 780 3968 mole
799 3911 972 3990 gravatur,
994 3909 1239 3983 monimum,
1267 3908 1339 3985 quac

183 3992 259 4049 aute
278 3997 426 4069 noverat,
454 3986 673 4065 obliviscatur,
708 3987 847 4078 nihilque
862 3987 932 4077 jain
952 3985 1065 4075 prioris
1090 3999 1216 4058 status
1240 3995 1339 4054 recor-

183 4065 296 4150 detur3
325 4071 412 4159 quod
435 4072 530 4140 etiem
550 4073 583 4138 iii
602 4071 734 4144 stultitia
775 4095 927 4142 uerorum
954 4083 1059 4162 petet,
1100 4074 1181 4161 qui.
1205 4071 1339 4142 ciiibuut

70 4227 75 4244 l
114 4201 116 4208 i
181 4150 309 4254 ducente
338 4157 466 4246 decepti
490 4156 669 4228 laeduntur.
721 4097 986 4230 Ohvolntionibus
1006 4165 1125 4225 intem
1150 4161 1222 4227 illis
1245 4168 1339 4224 stiur

139 4253 426 4328 reincorporentur
454 4263 496 4309 an
523 4259 603 4325 non,
644 4246 760 4314 diversi
787 4247 911 4315 diversa
935 4243 1086 4315 sentiunt.
1155 4245 1235 4322 Qui
1270 4237 1339 4309 en'tu

180 4324 317 4390 animem
345 4325 401 4393 illis
432 4327 630 4417 incorporari
661 4343 798 4421 negant,
839 4339 1002 4418 ineunt,
1045 4326 1152 4417 quod
1194 4353 1265 4422 per
1295 4329 1339 4394 hor
