2744 4788
448 149 631 253 nnuogr.
658 149 734 226 11..
764 145 859 226 aaa.
1146 120 1237 232 rue

88 341 203 406 Jorem
231 357 338 424 regno
357 330 512 486 vlpelleret
554 333 699 424 Juppiter
737 347 845 404 antem
884 357 954 405 eam
982 300 1224 427 junxitheleo.

90 425 209 492 Peleus
232 425 332 512 igitur
391 418 530 486 hetidem
561 418 702 498 duceris,
730 422 934 508 magnificum
955 422 1033 493 fecit
1052 419 1227 492 convivium

89 511 147 576 diis
169 522 204 576 et
224 508 348 578 deabus
368 505 522 570 omnibus·
577 505 653 572 Sola
686 504 856 575 Discordia
891 507 1017 574 minime
1043 506 1227 576 introducta

87 607 149 662 cst.
191 595 286 667 Quae
308 595 351 657 ob
372 591 435 656 hoc
453 589 533 656 irata
555 611 687 658 aureum
704 613 835 678 pomum
852 591 985 682 jactarit
1003 594 1034 658 in
1050 592 1224 672 convivium

92 683 178 747 inter
193 681 350 750 Venerem
380 686 414 741 et
434 675 605 758 Mipervam
638 688 670 743 et
689 677 864 756 Junonem,
896 678 927 744 iu
949 701 1012 770 quo
1034 690 1104 746 erut
1124 679 1251 764 scrip-5

87 777 172 834 tum:
197 759 479 830 Pulcleerrimum
499 759 627 826 donum
643 761 902 847 pulcherrimae
922 761 1017 828 deae.
1057 763 1121 831 Illis
1145 764 1227 848 inter

86 875 127 918 se
143 849 356 939 jactantibus,
391 865 474 933 quae
504 855 592 932 esset
619 845 847 933 pulcherrime,
883 860 916 914 et
936 847 987 913 oui
1008 871 1136 935 pomum
1158 847 1229 914 dari
1252 911 1254 914 .

86 937 244 1014 deberet,
279 931 390 1008 Paris,
432 929 512 995 lilius
545 929 681 1012 Priami,
708 930 808 1032 judex
838 932 1051 1011 intromissus,
1092 935 1227 1001 sormam

85 1019 224 1088 Veneris
243 1016 359 1088 Junoui
382 1023 415 1080 et
430 1013 595 1081 Minervae
646 1021 824 1098 raelerens,
857 1039 988 1086 aureum
1020 1041 1148 1105 pomum
1168 1017 1230 1106 ipsi

85 1103 265 1178 vindicavit.
307 1096 402 1169 Unde
428 1110 462 1166 et
483 1113 596 1187 postea
617 1039 749 1168 Veneris
778 1102 892 1170 auxilio
926 1103 1075 1192 Spartam
1105 1124 1271 1190 erog-1⁰
1316 1137 1321 1156 ι

85 1189 217 1269 nando,
244 1188 400 1255 Helenam
420 1185 533 1286 rapuit.
588 1185 654 1251 Sed
675 1193 806 1275 propter'
825 1186 951 1255 Paridis
968 1187 1123 1276 judicium
1144 1129 1229 1256 duno

88 1300 159 1348 sem
185 1295 221 1340 er
249 1284 361 1362 postea
390 1267 540 1358 'l'royaais
567 1270 691 1339 inimica
719 1273 786 1341 fuit
816 1274 955 1341 ‚Genuit
983 1285 1089 1342 autem
1116 1272 1231 1342 Thetis

90 1385 129 1428 er
150 1299 251 1446 Peleo
272 1355 431 1426 Achillem.
481 1355 534 1422 De
554 1355 643 1423 cu‘us
664 1369 767 1426 morte
787 1375 884 1446 quum
906 1359 1049 1440 timeret,
1082 1380 1123 1424 eo
1144 1358 1232 1447 quod

93 1470 114 1512 a
133 1457 226 1537 patre
250 1455 335 1512 esset
354 1439 513 1519 mortalis,
543 1451 577 1508 et
590 1379 676 1509 llaec
697 1455 883 1530 quereretur
912 1444 999 1533 apud
1028 1443 1230 1534 Neptundm3

91 1531 262 1620 Neptunus
284 1530 343 1608 ait,
375 1547 439 1592 non
460 1548 532 1592 esse
552 1527 725 1598 timendum
758 1527 799 1595 de
820 1553 876 1609 eo,
909 1530 983 1619 quia
1009 1530 1078 1600 talis
1106 1531 1272 1597 futuruslo

92 1627 198 1699 esset,
227 1625 264 1684 ut
283 1611 434 1682 credatur
462 1609 525 1677 deo
545 1613 682 1699 genitus.
725 1615 838 1682 'Phetis
858 1627 983 1698 tamen,
1021 1615 1088 1683 fata
1107 1613 1233 1683 Achillis

89 1704 226 1782 timens,
260 1723 332 1766 eum
356 1699 389 1764 in
412 1695 557 1786 Stygiam
581 1698 728 1786 paludem
745 1700 853 1784 tinxit3
883 1701 970 1768 uude
998 1710 1067 1770 toto
1096 1721 1233 1788 corpore

89 1785 324 1854 invulnerabilis
346 1785 425 1866 luit,
443 1793 592 1870 excepto
621 1782 700 1865 talo,
732 1785 787 1872 qui
808 1788 916 1854 matris
937 1808 1032 1853 uranu
1053 1788 1232 1854 tenebatur.

90 1871 162 1942 Sed
182 1871 317 1939 Achilles
339 1871 426 1938 circa
445 1889 552 1934 muros
572 1868 693 1957 {trojae
714 1870 827 1939 bellurn
847 1894 974 1958 gerens,
993 1894 1090 1976 ‹yuum
1111 1873 1233 1942 fureret

89 1958 246 2025 adversus
271 1960 542 2058 Agamemnonem
562 1967 691 2043 propter
711 1956 906 2038 Briseidem,
927 1958 1026 2024 nolurt
1042 1957 1154 2108 epredi
1175 1956 1275 2026 ad-au

88 2053 203 2111 versus
223 2043 393 2132 Trojanos.
438 2039 734 2126 Rogatus-autem,
757 2054 794 2108 ut
814 2042 923 2109 saltem
944 2042 1233 2124 Patroco,'sodali

92 2151 173 2206 suo,
193 2128 256 2216 ¹qui
285 2139 378 2194 antea
399 2127 430 2192 in
451 2124 594 2212 'Projano
611 2125 698 2189 bello
720 2127 956 2216 Sarpedonem,
984 2128 1071 2194 Jovis
1094 2138 1127 2194 et
1146 2129 1233 2193 Lao-

96 2212 223 2278 damiae
242 2208 560 2294 lilium„occiderat,
587 2232 674 2277 arma
696 2232 771 2282 sua,
799 2212 931 2278 Vulcani
951 2235 1046 2278 manu
1069 2212 1233 2294 fabricata,

94 2307 286 2400 praestaret,
316 2295 530 2386 persuadente
557 2293 685 2362 demum
716 2295 826 2380 Ulixe,
854 2299 1020 2364 concessit
1069 2298 1233 2386 Egressus

93 2383 204 2469 igitur
227 2381 407 2464 Patroclus,
434 2379 561 2448 indutus
582 2381 677 2447 armis
699 2381 840 2460 Achillis,
870 2383 911 2448 ab
931 2383 1077 2449 Hectore
1097 2385 1270 2466 occisuras

91 2479 132 2535 et
154 2467 252 2536 armis
269 2468 417 2556 spoliatus
444 2465 602 2533 occubuit
644 2466 766 2534 Postea
795 2467 909 2536 'Pheris
934 2467 1061 2547 Achilli,
1094 2465 1229 2538 mdrtem

89 2551 214 2622 sodalis
233 2553 275 2618 im
298 2554 431 2621 atienter
454 2551 596 2631 ferenti,
616 2551 768 2619 Vulcania
796 2574 884 2620 arma
910 2553 1025 2621 iterum
1045 2554 1250 2641 impetravit.-

90 2640 224 2729 Quibus
237 2579 367 2731 indutus
389 2661 486 2726 quum
507 2637 700 2719 Hectorem,
722 2639 755 2704 in
776 2639 943 2710 vindictam
964 2640 1106 2708 Patrocli
1122 2665 1236 2732 provo-

88 2737 222 2806 catum,
253 2724 463 2805 interficeret,
495 2721 693 2810 cadaverque
717 2725 802 2813 ejus,
830 2725 873 2793 ad
893 2748 1020 2792 currum
1042 2749 1133 2795 suum
1155 2729 1235 2814 liga·
1325 2733 1327 2740 ‘

87 2821 183 2891 tum,
211 2810 301 2877 circa
329 2832 436 2876 muros
465 2805 622 2888 traheret,
652 2823 787 2895 rogatus
813 2832 834 2876 a
858 2811 988 2878 Priamo
1019 2823 1086 2894 est,
1105 2825 1151 2894 ‚ut
1176 2811 1277 2878 sibiau

86 2898 209 2964 liceret
239 2895 383 2962 exanime
416 2893 469 2962 lilii
503 2913 620 2980 corpus
651 2903 729 2958 auro
762 2891 930 2987 pensatum!
959 2898 1112 2988 recipere.
1161 2898 1235 2973 Quo

89 2983 204 3060 sacto,
232 2979 414 3070 Polyxena,
442 2977 594 3045 Hectoris
615 2999 724 3059 soror,
751 2978 784 3046 in
806 2989 894 3046 turre
914 2992 1019 3064 stans,
1049 2982 1182 3049 armillas
1204 2993 1237 3050 et

86 3070 225 3136 inaures
253 3067 328 3148 illo,
355 3088 419 3156 quo
452 3064 558 3131 fratris
578 3065 773 3150 pensabatur
804 3088 936 3154 corpus,
968 3067 1109 3157 projecit.
1162 3068 1238 3143 Qua

88 3154 181 3227 visa,
203 3151 355 3232 Achilles,
375 3152 402 3218 si
423 3149 482 3216 slbi
505 3149 651 3224 daretur,
673 3148 833 3238 promisit,
854 3163 891 3218 ut
908 3153 1104 3221 Hectoreum
1120 3175 1235 3241 corpus

87 3237 266 3313 redderet,
297 3250 330 3306 ct
358 3235 517 3324 'Projauos
548 3258 620 3300 cum
646 3235 797 3317 Graecis,
827 3236 951 3304 redditu
973 3251 1083 3306 tamen
1100 3240 1278 3320 Helena,35

89 3323 290 3426 pacificaret.
333 3321 440 3396 Quum
461 3331 585 3398 eutem,
612 3321 766 3408 promissa
786 3323 845 3402 sibi
865 3347 884 3390 a
902 3324 1049 3414 'l'rojanis
1062 3325 1236 3414 Polyxena,

91 3430 134 3475 ru
162 3408 308 3498 templum
338 3406 537 3558 Thymbraei
562 3405 709 3492 Apollinis
746 3407 789 3474 ad
824 3409 1012 3477 firmandum
1042 3405 1156 3477 foedus
1184 3435 1236 3478 ve-

90 3492 214 3572 nisset,
240 3491 375 3560 insidiis*
423 3485 539 3566 aridis,
569 3503 644 3578 post
663 3492 865 3564 simulacrum
885 3496 1024 3574 latentis,
1053 3495 1148 3564 missa
1171 3497 1236 3562 vul-

84 3591 229 3648 neratus
247 3603 282 3646 sa
309 3579 382 3658 itta,
404 3578 545 3656 moritur,
567 3588 641 3643 ante
662 3579 782 3648 obitum
804 3592 911 3648 tamen
931 3593 1062 3669 petens,
1079 3595 1115 3650 ut
1135 3585 1237 3650 evicta
1313 3657 1318 3666 ,

81 3661 216 3756 Troja,
241 3600 405 3752 Podyxena
422 3661 465 3730 ad
485 3660 665 3751 sepulcrum,
684 3662 752 3754 ejus
771 3667 1001 3752 immolaretur3
1032 3668 1120 3756 quod
1140 3671 1276 3738 etiamtu

76 3765 170 3848 post
190 3775 210 3818 a
232 3749 376 3838 Pyrrho,
397 3748 463 3838 ejus
483 3749 566 3830 lilio,
586 3740 747 3837 impletum
769 3765 825 3822 est

221 3969 319 4044 206.
370 3971 661 4072 Harplanatio¹
683 3937 877 4070 ejusdem
909 3928 1106 4052 ra'b'ulae.

180 4089 358 4168 Thetidem
377 4098 439 4166 dici
462 4099 633 4170 voluerunt,
648 4119 781 4187 aquam;
809 4097 897 4166 unde
926 4113 961 4170 ot
980 4101 1129 4194 Nympha
1151 4107 1233 4173 dioto

73 4201 154 4263 est.
208 4186 318 4262 Quam
345 4205 442 4302 quum
470 4185 615 4276 Juppiter
640 4205 773 4256 uxorem
793 4183 912 4254 ducere
931 4188 1037 4273 rellet,
1069 4192 1145 4290 satis·
1162 4215 1234 4282 pro-
