2786 4800
25 1269 31 1275 ν
167 1233 281 1320 genuit
307 1230 476 1314 Eteoclem
515 1242 548 1296 et

161 183 251 308 aa
298 165 302 170 ’
533 183 715 292 upum.
741 187 777 266 1.
831 179 929 264 aua.

166 369 311 446 Cadmus
335 373 460 466 accepit
481 373 710 456 Hermionem,
741 372 837 442 filiam
859 373 1012 456 Veneris,
1044 374 1152 444 uxoris
1174 373 1310 442 Vulcani

47 463 53 469 '
165 471 199 527 et
219 459 351 540 Martis,
374 459 415 542 de
437 481 500 548 qua
521 462 634 546 genuit
654 461 817 547 Agavem,
847 460 1025 544 Semelam,
1058 465 1238 528 Autonoen
1277 469 1311 526 et

88 623 91 628 ¹
165 547 310 612 Inonem.
353 545 464 631 Agave
520 547 606 612 enuit
634 545 822 612 Pentheum.
866 547 994 612 Semele
1026 547 1202 614 Bacchum.
1245 549 1310 612 Aua

167 636 265 699 tonoii
286 631 459 698 Actaeona.
493 567 590 706 Ino,¹
605 652 687 696 uxor
713 631 926 712 Athamantis,
948 643 1029 720 ,post
1049 632 1227 720 Nephelem
1249 655 1309 719 ge-

144 718 237 788 anuit
259 717 412 796 Phrixum
441 727 474 784 et
502 717 635 796 Hellen,
667 717 850 783 Learchum
880 730 913 784 et
931 718 1137 784 Melicertam.
1182 716 1309 783 Cadmo

166 802 322 872 successit
341 802 471 891 Lycus,
502 803 591 894 cujus
613 813 683 870 erat
702 823 783 868 uxor
802 803 955 892 Antiopa,
983 805 1098 893 Nyctei
1125 803 1204 882 lilia,
1235 795 1309 869 cuin

167 911 231 978 qua
252 890 467 954 concumbens
487 887 633 977 Juppiter
653 889 690 953 in·
706 879 815 976 specie
836 890 960 978 Satyri,
981 889 1095 976 genuit
1115 889 1253 956 Zethum
1276 901 1310 955 et

167 974 391 1062 Amphionem,
419 971 472 1060 qai
494 973 648 1054 successit
668 971 781 1062 Lyco,
803 985 836 1042 et
854 975 979 1065 accepit
997 975 1143 1052 Nioben,
1172 972 1216 1048 de
1245 997 1310 1062 qua

85 1083 89 1098 ¹
166 1060 280 1148 genuit
301 1069 424 1148 septem
444 1059 525 1126 filios
547 1070 581 1127 et
597 1057 731 1126 totidem
754 1059 843 1127 filias.
1155 1125 1158 1133 ,

126 1168 162 1217 10
206 1162 220 1186 “
251 1145 351 1212 Laius
374 1143 416 1210 de
436 1143 564 1212 Iocasta
614 1145 700 1212 enuit
721 1145 892 1234 Oedipum.
935 1143 1084 1235 Oedipus
1109 1144 1153 1212 de
1179 1146 1310 1215 Iocasta

587 1165 792 1320 Polynicem,
832 1233 991 1312 Ismenem
1034 1243 1078 1318 et,
1104 1232 1311 1318 Antigonam.

167 1320 322 1385 Adrastus
349 1316 463 1403 genuit
492 1315 624 1403 Argiam
652 1329 686 1384 et
714 1317 913 1406 Deiphylem.
942 1317 1054 1382 =Mars
1085 1319 1198 1406 genuit
1226 1317 1310 1382 Par-

166 1405 337 1482 thaonem,
374 1402 538 1468 Parthaon
570 1403 684 1488 genuit
715 1404 873 1471 Oeneum.
921 1391 1075 1470 Thestius
1114 1404 1230 1554 imit
1257 1403 1310 1468 Al-

149 1491 316 1568 thaeam,
348 1487 499 1554 'Poxeum
528 1498 562 1555 et
588 1489 678 1568 Plexi
702 1511 787 1576 pum.
811 1545 813 1554 ,
838 1489 969 1556 Oeneus
998 1487 1040 1554 de
1064 1488 1113 1556 Alt
1137 1511 1174 1554 ea
1197 1488 1312 1575 genuit

96 1625 99 1632 .
124 1577 368 1661 15Meleagrum
389 1584 422 1641 et
448 1576 595 1661 Gangem
618 1585 651 1641 et
705 1576 864 1642 cianiram.
907 1573 1073 1661 Meleager
1094 1576 1207 1662 genuit
1226 1574 1310 1638 Par-

130 1666 137 1686 ’
164 1662 389 1748 thenopaeum.
418 1658 553 1748 Tydeus
566 1660 598 1726 'P
621 1659 739 1743 didam,
761 1661 814 1750 qui
838 1661 897 1728 luit
918 1661 982 1726 dux
1003 1659 1035 1726 in
1051 1659 1194 1748 'l’rojano
1217 1660 1311 1726 bello.

248 1748 331 1815 Item
359 1747 508 1836 Juppiter
534 1744 577 1810 de
634 1748 746 1828 atona,
781 1746 845 1816 filia
870 1747 969 1826 Coei,
999 1747 1113 1831 gennit
1134 1747 1309 1835 Apollinem

164 1841 199 1900 et
229 1832 378 1900 Dianam
437 1829 624 1898 Secundum
662 1830 819 1922 quosdam
849 1833 961 1900 Coeus'
978 1831 1047 1902 luit
1074 1831 1155 1898 lilius
1188 1833 1310 1913 Titani,

165 1917 237 2006 qui,
260 1916 476 1984 concumbens
497 1939 571 1984 cum
592 1918 708 2000 Terra,
729 1919 843 2008 genuit
867 1914 1038 1988 duodecim
1059 1917 1158 1998 lilios,
1183 1918 1237 2006 qui
1259 1919 1308 1984 in-

121 2022 333 2088 ausumexere
355 2002 579 2071 contradens.
620 2003 731 2093 Apollo
752 2025 829 2070 vcro
851 2016 884 2072 et
903 2004 1025 2084 Diana,
1053 2003 1209 2090 quianon
1232 2025 1318 2087 con--

164 2100 334 2159 senserunt
353 2089 396 2154 ini
420 2088 509 2156 uitali
529 2109 658 2171 eorum,
688 2090 857 2157 caelestem
888 2109 1036 2156 meruere
1057 2089 1214 2156 scandere
1236 2111 1310 2155 cur-

163 2199 247 2245 rum.
298 2175 381 2242 Item
398 2113 549 2266 iuppiter
570 2177 744 2254 concubuit
764 2189 838 2243 curn
857 2175 962 2266 Maja,
994 2184 1028 2241 et
1048 2177 1162 2260 genuit
1181 2176 1311 2244 Merou-

39 2327 42 2330 .
163 2264 256 2330 rium.
300 2261 461 2334 Vulcanus
493 2261 699 2343 desemine,
729 2283 794 2330 seu
825 2262 966 2342 femore,
995 2261 1080 2328 Juno
1098 2261 1140 2328 is.
1190 2262 1309 2341 Pallas,

16 2348 20 2356 ’
122 2372 249 2502 2⁵puae
279 2357 312 2414 et
337 2346 498 2429 Minerva,
530 2345 572 2413 de
595 2351 729 2415 cerebro
750 2347 846 2414 Joris.
888 2347 1007 2420 Heben
1020 2349 1141 2502 ῧοηυίτ
1159 2347 1245 2414 Juno
1268 2347 1311 2413 de

187 2456 263 2515 ove;
283 2431 461 2500 secundum
483 2431 656 2522 quosdam,
680 2433 722 2498 de
741 2429 877 2500 lactuca.
916 2431 999 2499 Item
1050 2454 1130 2500 enus
1152 2433 1194 2500 de
1216 2445 1310 2502 natu-

165 2520 284 2589 ralibus
317 2519 465 2600 Saturni,
499 2541 519 2582 a
554 2518 636 2584 Jove
668 2515 843 2604 doregno
875 2518 1005 2607 expulsi.
1050 2517 1131 2586 Item
1159 2521 1311 2609 luppiter

167 2604 340 2672 concubuit
367 2627 442 2669 cum
462 2603 592 2692 Danae,
613 2601 678 2670 iilia
698 2604 825 2687 Acrisii,
846 2617 880 2688 et
903 2605 1014 2692 genuit
1034 2627 1074 2670 ex
1087 2628 1126 2672 ea
1141 2609 1310 2674 Perseum.

70 2763 75 2778 Χ
136 2706 140 2718 ¹
165 2691 249 2757 Item
270 2689 443 2756 concubuit
465 2710 538 2753 cum
555 2687 671 2770 laeda,
702 2711 803 2758 uxore
824 2691 988 2780 Tyndari,
1017 2691 1050 2754 in
1073 2694 1181 2780 specie
1202 2692 1311 2782 cygni.

148 2775 248 2844 'Inde
266 2773 332 2842 duo
355 2797 414 2842 ova
436 2782 512 2842 nata
532 2785 622 2856 suut,
650 2797 690 2842 ex
712 2797 848 2864 quorum
870 2776 970 2844 altero
992 2775 1110 2844 Castor
1125 2791 1162 2848 et
1183 2777 1310 2858 Pollux,

16 2895 19 2906 ·
123 2875 207 2930 aoex
228 2859 289 2930 alio
311 2861 546 2950 Clytemnestra
568 2870 601 2928 et
621 2861 747 2930 Helena
768 2876 864 2930 natae
884 2874 966 2931 sunt.
1054 2897 1057 2902 ·

16 3009 21 3016 ,
249 2945 423 3036 Lycurgus
451 2947 565 3034 genuit
592 2945 771 3036 Phyllidem
794 2960 828 3016 et
848 2940 1087 3016 Archemorum.
1129 2949 1245 3016 Aeetes
1267 2945 1310 3015 de

122 3039 124 3044 '
165 3035 202 3110 H
223 3055 303 3123 psea
323 3032 436 3120 genuit
458 3033 590 3100 Chalcia
615 3055 656 3098 en
677 3047 711 3103 et
732 3033 880 3101 Medeam
899 3046 933 3102 et
952 3036 1129 3124 Absyrtum.
1158 3034 1310 3102 Ovidius:

16 3157 18 3164 ·
166 3058 252 3188 Aha
274 3117 421 3206 Hypsea
465 3139 568 3184 arena
590 3055 837 3208 Clzclciopeque
866 3141 971 3210 soror.
998 3117 1236 3206 ‚numerosae
1257 3121 1309 3188 Al-

72 3245 82 3263 ·
168 3215 258 3272 cesta
288 3203 402 3290 genuit
459 3205 547 3272 isam
569 3214 603 3288 et
635 3205 862 3284 Stenoboeam.
912 3205 979 3271 Pro
1011 3205 1091 3272 Nisa
1122 3206 1248 3272 serviiit
1279 3207 1311 3270 ei

124 3312 160 3365 aa
168 3291 277 3380 Apollo
292 3301 414 3378 septem
431 3291 529 3356 annis.
567 3289 783 3357 Stenoboeam
805 3291 930 3379 accepit
951 3290 1089 3356 Proetus
1112 3290 1144 3356 iu
1165 3313 1310 3361 uxorem.

166 3377 277 3465 Apollo
310 3375 353 3442 dc
382 3375 546 3443 Coronide
575 3377 688 3462 genuit
718 3377 948 3464 Aesculapium.
997 3375 1096 3456 Item,
1129 3378 1311 3445 secundum
1365 3413 1366 3421 .

189 3464 343 3542 uosdam,
377 3462 690 3550 Apollo'concubuit
717 3484 790 3527 cum
819 3463 942 3544 Ethea,
978 3473 1011 3529 et
1038 3465 1151 3550 genuit
1180 3465 1310 3530 Circen.

166 3487 257 3619 idern
286 3546 399 3636 genuit
426 3547 618 3634 Pasiphaen.
660 3545 740 3622 Item
769 3547 914 3638 luppiter
945 3549 1117 3615 concubuit
1148 3571 1220 3620 curu
1239 3549 1311 3616 Eu-

124 3633 702 3808 a‘il'issafiihuiihlillitahiffi‘
725 3655 902 3786 ”ts‘tt
921 3632 1311 3808 littul'titltlA

659 3769 667 3786 ·
1300 3772 1310 3803 s
1376 3799 1377 3802 ,

94 3838 100 3846 ·
167 3806 346 3886 Ariadnen,
377 3816 412 3871 et
437 3802 654 3888 Androgeum.
706 3804 883 3886 Ariadnen,
917 3805 948 3871 in
980 3805 1082 3873 insula
1117 3814 1153 3872 a'
1174 3806 1310 3872 Theseo

165 3892 326 3970 relictam,
348 3889 476 3978 accepit
495 3888 656 3970 Bacchus,
677 3891 854 3978 genuitque
874 3913 914 3956 ex
935 3915 974 3955 ea
996 3891 1166 3975 Thoanta.
1193 3891 1310 3961 Thoas

167 3979 281 4064 genuit
300 3975 516 4065 Hypsipylen,
553 3997 636 4062 quae
658 3974 822 4044 habitabat
841 3978 873 4041 in
895 3977 1019 4045 Lemno
1040 3976 1149 4042 insula.

172 4074 180 4090 ⁸
251 4063 386 4128 Laertes
405 4061 518 4148 genuit
538 4061 673 4128 Ulixem.
706 4061 813 4129 Ulixes
834 4063 876 4128 de
897 4063 1060 4148 Penelope
1078 4062 1191 4148 genuit
1207 4061 1308 4128 'Pele-

124 4148 324 4224 aamachum.
375 4148 563 4222 'I'eucontus
587 4147 714 4232 genuit
744 4147 958 4217 Palamedem.
1008 4147 1165 4234 Nauplius
1194 4150 1310 4232 genuit

24 4232 28 4241 ’
167 4233 357 4324 Telephum.
386 4236 527 4302 Antenor
543 4233 655 4322 gemuit
672 4233 867 4304 Artilochum
889 4245 920 4303 et
937 4237 1121 4304 Acamanta.
1151 4229 1310 4302 Phoebus
