2698 4804
301 151 593 256 Mytbcgr.*lll.
642 149 714 227 15.
742 150 919 230 .2-5.
955 182 969 206 ⁸
1100 151 1183 232 247

63 309 274 421 populabalur.
316 334 441 402 Veritas
458 345 578 403 -tameu
614 332 791 402 secundum
822 335 1026 426 philosophos
1056 337 1181 406 ethis·
1214 349 1218 359 ’

62 419 166 504 toricos
186 419 308 500 babet,
335 419 422 488 bunc
451 417 549 488 fuisse
579 420 721 487 Evandri
737 423 969 508 nequissimum
995 443 1120 490 seruum
1142 447 1182 491 nc

40 531 43 538 ·
66 503 164 570 iurem.
203 503 362 574 Novimus
383 517 491 574 nutem
512 529 533 572 a
554 505 689 572 Graecis
710 505 825 574 malum
847 507 952 578 κακὸν
973 505 1053 588 dici,
1083 515 1179 613 quem

67 589 213 656 bominem
226 589 272 658 ita
292 589 343 657 illo
364 603 510 680 tempore
525 589 667 657 Arcades
689 592 897 680 appellabant.
940 593 1055 682 Ignem
1076 595 1178 661 drotus
1221 623 1231 646 -·

64 684 108 740 est
124 696 259 752 vomere,
279 677 352 766 quia
371 677 450 764 igne
470 697 569 762 agros
587 678 740 744 vastabat.
783 679 881 743 Hunc
902 701 995 744 soror
1013 701 1071 747 sua
1096 681 1201 770 ejus-5

64 757 131 859 dem
149 760 278 863 nominis
298 760 455 850 prodidit,
489 760 574 862 uude
604 761 701 860 etiam
724 762 872 867 sacellum
894 765 1042 847 meruit,‘
1058 766 1088 830 in
1112 788 1195 850 quo,

64 866 90 909 el
108 867 166 997 pel.
184 847 745 1034 ulgnltlilrsvegigisslrcpllcfirlrlebatgrllt
767 931 853 1000 ¹lilius
888 925 1039 1014 Terrae,
1073 933 1126 1008 cul
1160 951 1203 1001 a.
1239 931 1242 965 ²

61 1025 153 1082 matre
173 1015 321 1090 collatum
343 1018 419 1098 fuit,
438 1028 489 1102 ,ut
508 1030 654 1106 quoueus
676 1027 781 1086 terrae
801 1019 996 1100 accubaret,
1019 1018 1099 1086 vires
1121 1019 1179 1086 ha·

61 1100 142 1167 beret
162 1101 346 1190 duplicatas.
370 1187 372 1192 ,
397 1103 471 1180 Qua
500 1125 537 1170 re
564 1115 745 1192 comperta,
782 1103 940 1184 Hercules
961 1125 1034 1172 eum
1055 1115 1222 1176 asenam

61 1185 175 1254 elevans
197 1187 382 1258 constrinxit
414 1187 455 1255 ad
476 1201 621 1269 mortem.
674 1192 814 1256 Antaeus
842 1191 950 1277 itaque
980 1190 1040 1256 sub
1072 1189 1092 1258 fi
1119 1211 1180 1257 ura
1307 1246 1311 1262 .

58 1269 181 1339 ltbtdmts
201 1273 339 1362 ponitur.
392 1273 476 1342 Nam
505 1276 645 1356 Graece„
662 1269 781 1342 clurino*
796 1273 1026 1340 ,contrarium
1048 1272 1116 1362 :dict
1133 1295 1179 1341 ur.

7 1361 8 1364 ’
58 1354 128 1422 Ideo
149 1357 190 1425 de
210 1371 299 1428 terra
319 1371 411 1428 natus
434 1360 577 1444 fingitur,
598 1358 672 1448 quia
694 1357 789 1426 libido
813 1358 856 1450 de
877 1381 973 1426 carne
994 1359 1180 1449 concipitur.
1220 1417 1223 1436 ,

58 1441 194 1532 Denique
225 1456 321 1512 tacta
348 1455 435 1513 terra
473 1443 600 1512 viridior
629 1455 665 1526 et
696 1443 825 1512 validior
858 1446 1072 1532 exsurgebat,
1105 1445 1180 1532 quia
1278 1453 1285 1468 ‘

58 1523 142 1606 libido
157 1541 281 1620 quanto
291 1529 326 1608 ei
344 1531 448 1618 magis
472 1553 553 1598 caro
572 1523 778 1606 consenserit,
798 1537 889 1598 tautc'
909 1531 1021 1620 surgit·
1030 1529 1178 1597 decimor.
1187 1541 1222 1594 1⁵
1268 1575 1273 1590 ,
1329 1610 1333 1618 „

58 1611 157 1682 Sada
177 1615 323 1703 gloriosa
343 1617 468 1694 virtute,
488 1613 592 1684 idest
612 1617 653 1682 eb
666 1615 826 1694 Hercula,
848 1625 1018 1704 superatur
1030 1619 1180 1695 Antaeus,

58 1708 85 1763 et
95 1693 254 1789 denegato
265 1701 325 1791 ipsi
339 1714 445 1770 terrae
458 1713 547 1770 tactu
562 1701 778 1784 commoritur,
789 1701 953 1786 altiusque
966 1699 1103 1770 eleratus
1113 1725 1181 1768 ma·
1216 1749 1219 1768 .

58 1791 136 1852 terna
150 1788 264 1876 nequit
281 1788 586 1874 mutaresullragia;
606 1785 781 1876 quiadnru
797 1787 1018 1854 carnalibnsse
1027 1787 1182 1890 quispiam
1217 1847 1230 1872 s

57 1866 254 1956 denegaverit
269 1874 445 1947 aflectibus,
467 1884 669 1960 mentemque
679 1879 721 1940 ue'
741 1869 883 1941 carnalia
897 1883 1069 1960 appetntru
1083 1873 1181 1944 altum
1225 1875 1228 1884 '
1313 1883 1319 1892 '

57 1958 219 2038 sustulerit,
258 1957 357 2026 victor
375 1959 482 2026 statim
503 1960 654 2045 exsurgit
697 1958 833 2028 ,Dicitur
861 1958 954 2027 etiam
978 1956 1115 2030 divinem
1136 1957 1224 2038 ibim

58 2042 219 2110 confecisse
239 2055 410 2125 certamen,
430 2043 504 2132 quia
514 2045 654 2134 pretiosa
668 2053 711 2114 ¹et
730 2042 875 2114 caelestis
888 2065 998 2130 pugna
1017 2056 1075 2124 est,
1092 2055 1184 2130 -quaa

57 2145 118 2193 com
132 2128 391 2231 coucupiscentia
411 2128 555 2217 vitiisque
575 2129 760 2195 conseritur.-
802 2129 854 2194 De
875 2149 938 2215 qua
957 2128 988 2192 iu
1003 2130 1182 2200 moralibus

58 2207 153 2290 Plator
181 2227 365 2303 sapientes,
393 2214 509 2302 inquit,
538 2213 593 2280 viri
620 2212 773 2302 majorem
795 2236 869 2279 cum
893 2211 970 2278 vitiis
990 2235 1084 2300 quem
1107 2237 1182 2281 cum

57 2290 172 2380 bicinis
189 2321 337 2390 pugnam
357 2311 484 2387 gerunt
527 2297 611 2368 Nam
631 2296 719 2386 quod
740 2297 886 2364 Alcesten
904 2297 1099 2380 liberaverit,
1138 2299 1181 2366 ad

58 2378 185 2454 virtutem
212 2396 366 2472 spectare
385 2382 531 2455 (videtur.
571 2383 668 2452 Unde
688 2382 925 2450 bacchabatur
946 2382 1063 2449 fabula.
1156 2437 1158 2444 .
1186 2402 1222 2454 ss

128 2472 156 2538 3.
198 2470 367 2551 Admetus,
389 2471 487 2560 ajunt,
508 2491 565 2538 rex
586 2469 754 2551 Graeciae,
777 2468 924 2536 nloesten
937 2467 971 2532 in
993 2467 1179 2555 eonjugium
1273 2501 1278 2515 ·

55 2553 155 2634 petiit,
179 2555 274 2647 cujus
296 2567 388 2644 pater
409 2555 549 2624 edictum
571 2565 799 2646 proposuerat,
833 2564 871 2621 ut
889 2554 916 2620 si
937 2552 1005 2641 quis
1028 2553 1108 2620 duas
1131 2555 1178 2620 fe-

8 2641 14 2658 *
55 2655 100 2704 ras
119 2641 264 2733 dispares
288 2641 395 2708 currui
416 2640 705 2732 suo'odjuugeret‚
734 2642 762 2708 is
784 2661 859 2706 eam
877 2639 1048 2730 conjugem
1079 2639 1179 2706 duce·

55 2734 105 2790 ret
144 2729 299 2796 Admetus
319 2727 418 2816 igitur
438 2730 464 2802 Α
488 2727 611 2794 clliuem
636 2739 670 2795 et
690 2726 865 2795 Herculem
880 2726 992 2792 auxilio
1057 2725 1177 2815 poscit;
1303 2771 1306 2784 .

54 2805 148 2897 illique
167 2816 209 2882 ad
235 2831 363 2882 currum
385 2813 453 2903 ejus
465 2751 593 2902 leonem
614 2823 775 2900 etaprum
788 2813 974 2912 junxerunt
1014 2749 1225 2908 lgimqu'eac

54 2892 188 2967 Alcesten
210 2898 385 2988 conjugem
417 2898 559 2987 accepit;
598 2919 760 2986 quumque
788 2919 819 2962 m
849 2897 1060 2964 infirmitatem
1090 2895 1178 2963 deci·
1269 2923 1274 2938 ¹

55 2975 161 3064 disset,
197 2996 234 3052 et
253 2985 334 3050 mori
353 3007 389 3052 se
412 2983 641 3071 comperisset,
672 2981 821 3070 Apollinis
850 2983 1084 3049 miserationem
1106 3004 1180 3069 pre-

56 3076 137 3135 catus
158 3079 225 3152 est,
259 3069 312 3158 qui
341 3068 523 3161 respoudit,
552 3069 596 3134 uil
615 3091 654 3136 se
673 3069 703 3132 ei
730 3091 826 3156 posse
856 3079 1037 3156 praestare,
1068 3067 1178 3134 nisisi

54 3151 116 3234 quis
136 3156 178 3222 de
198 3155 384 3246 propinquis
407 3180 443 3224 se
473 3176 532 3260 pro
551 3161 608 3221 ‘eo
640 3154 733 3218 morti
765 3151 959 3219 voluntariae
994 3151 1177 3234 obtulisset;

55 3237 144 3318 quod*
166 3264 249 3310 uxor
282 3240 349 3328 ejus
382 3241 586 3309 libentissime
618 3237 703 3306 fecit.
755 3239 870 3328 Itaque
889 3237 1064 3305 Hercules
1100 3237 1230 3304 dumba·

55 3319 92 3385 ad
118 3327 369 3396 abstrahendum
397 3328 577 3412 Cerberum
604 3324 647 3392 ad
670 3324 790 3390 inferos
818 3322 1048 3402 descenderet,
1082 3324 1177 3390 etiam
1228 3371 1231 3380 ,
1300 3343 1303 3350 ·

53 3401 147 3490 ipsam
168 3413 210 3480 de
231 3413 340 3480 inferis
362 3411 497 3480 reduxit.
546 3409 703 3478 'Admetus
723 3409 822 3512 igitur
848 3420 986 3476 mentem
1017 3407 1178 3498 designat,-

56 3501 85 3556 et
102 3491 215 3566 dicitur
236 3497 405 3576 Admetus,
443 3497 532 3586 quasi
554 3515 648 3584 quem
669 3507 768 3584 possut
789 3493 891 3558 adire
921 3503 1052 3574 metus3
1086 3515 1177 3561 meus

56 3578 148 3664 cuim,
180 3605 244 3650 uon
268 3577 387 3672 corpus
407 3591 527 3650 metum
554 3582 696 3670 suscipit.
753 3581 819 3646 Hic
839 3579 985 3666 Alcesteu
1013 3578 1044 3642 in
1068 3579 1219 3668 conju-tc

56 3661 139 3746 glum
166 3665 345 3746 desiderat,
386 3670 461 3756 quin
491 3662 576 3754 dtur}
601 3664 857 3752 lingua'dttica,
887 3678 925 3731 ut
951 3661 1176 3752 praediximus,

55 3755 261 3829 praesumtio
289 3754 413 3820 dicitur.
464 3754 556 3820 Mens
577 3754 676 3839 igitur
697 3748 806 3824 timida
828 3749 1110 3838 praesumtionem,
1144 3749 1178 3815 id

57 3843 100 3898 est
118 3838 359 3921 animositatem,
380 3840 440 3907 sibi
462 3839 673 3906 necessariam
696 3835 814 3914 videns,
836 3834 904 3902 e'us
922 3833 1179 3937 conjunctionem
1281 3855 1283 3858 ·

57 3913 229 4009 desiderat;
264 3925 324 3992 sed
355 3937 392 3992 ut
413 3947 484 3992 eam
506 3933 714 4012 assequatur,
748 3919 828 3988 dues
851 3861 935 3986 laras
958 3919 1100 3987 diversas
1122 3943 1178 3986 ue-

57 4023 142 4072 cesse
162 4022 213 4078 est
231 4011 339 4079 currui
359 4033 418 4078 suo
440 4011 612 4100 adJnugat‚
642 4009 675 4075 id
697 4019 747 4072 est
773 4006 856 4082 sitne
884 4028 962 4072 suae
981 4004 1060 4074 duas
1082 4006 1179 4074 uirtu-

57 4097 118 4171 tes,
139 4095 233 4180 animi
253 4095 397 4166 videlicet
418 4107 451 4164 et
470 4096 629 4184 corporis,
651 4093 797 4161 asciscat.
839 4090 968 4177 Subigit
989 4091 1123 4166 leonem,
1144 4089 1219 4161 ides

58 4188 103 4241 est
121 4179 266 4252 uirtutem
284 4184 396 4266 animi,
417 4195 450 4254 et
473 4203 603 4272 aprum,
621 4178 655 4249 id
677 4187 727 4247 est
747 4179 893 4248 virtutem
915 4178 1068 4270 corporis.
1103 4179 1178 4248 ‘De-
