2734 4782
1 4363 4 4478 l

73 2232 85 2251 ⁴
179 2167 256 2246 bns;
289 2165 376 2231 unde
398 2166 494 2231 etiam
514 2165 634 2254 majora
656 2179 741 2232 astra
772 2164 986 2242 demonstrat,
1015 2173 1048 2230 et

112 3105 115 3111 ’
175 3113 223 3168 est
246 3099 287 3165 de

77 3962 86 3966 -
128 3937 346 4072 topretantur.
401 3927 439 3992 In
465 3929 518 3993 'liu

140 259 144 268 ·
180 253 264 352 uuo
575 259 757 361 uyuogr.
785 259 865 366 111,
886 326 888 331 .
912 258 974 334 rr.
1028 228 1065 335 ι’.

181 439 345 505 formasse.
394 436 545 505 Pandora
575 438 658 506 enim
693 441 822 508 Graece
850 461 978 506 munus
1008 444 1162 509 omnium
1191 441 1304 522 dicitur,

180 522 267 614 quod
289 523 394 590 anima
414 526 550 606 omnium
568 524 609 593 sit
637 546 752 594 munus
787 524 950 614 generale.

267 639 339 710 10..
362 637 490 704 Servius
520 648 626 708 tamen
661 635 703 701 de
741 636 937 703 Prometheo
978 634 1063 703 aliud
1102 632 1207 701 tradit
1261 635 1305 700 Ait

181 722 275 800 enim,
296 721 522 788 Prometheum
542 732 617 810 post
639 722 741 790 factos
762 723 905 788 homines
927 744 947 786 a
967 744 1004 787 se
1026 721 1139 787 auxilio
1153 721 1304 785 Minervae

156 806 303 872 boneium
326 807 509 874 ascendisse
540 818 572 872 et
594 806 739 894 ¹adbibita
766 806 871 873 facula
900 804 943 872 ad
969 817 1070 872 rotam
1104 804 1178 872 solis
1206 805 1304 890 ignem

165 893 319 962 ,furatum
343 917 428 973 esse,
460 914 553 979 quem
577 890 754 959 bominibus
782 891 939 958 iudicavit.
989 893 1042 958 Ob
1064 909 1161 980 quam
1185 893 1305 957 causaiu

178 978 266 1050 irati,
284 978 421 1081 inquit,
452 978 495 1043 dii
523 975 588 1040 duo
623 979 712 1044 mala
734 977 827 1044 terris
862 974 1074 1056 immiserunt,
1117 978 1243 1041 morbos
1278 987 1306 1040 et

179 1062 307 1141 macies,
329 1075 412 1130 sieut
436 1063 534 1138 etSa
558 1061 621 1148 pho
643 1077 675 1148 et
689 1061 852 1128 Hesiodus
874 1074 1057 1129 memorant
1100 1059 1198 1139 Quod
1219 1060 1306 1129 etium

180 1149 332 1214 Horatius
359 1160 495 1236 tangens
529 1085 620 1213 dicit:

78 1311 86 1328 ἢ
140 1239 174 1290 1⁰
267 1233 500 1298 Passionem
528 1231 809 1298 ‹retlreriado'mo
852 1217 855 1229 ’
929 1259 933 1266 ’

308 1283 540 1394 Subductum,
569 1315 695 1380 marries
717 1329 752 1381 et
773 1319 862 1385 nova
875 1313 1050 1404 febrium.
1114 1395 1120 1400 Ι

269 1399 388 1466 Terris
408 1398 567 1464 incubuit
594 1394 732 1464 cultores
1049 1441 1053 1445 -

177 1488 286 1574 ipsum
306 1485 400 1553 etiam
414 1485 655 1550 Prometheum
684 1507 741 1573 per
762 1484 957 1550 Mercurium
978 1483 1009 1548 in
1038 1491 1145 1548 monte
1166 1482 1310 1548 Caucaso

179 1573 393 1660 religaverunt
415 1568 456 1635 ad
478 1591 607 1648 saxum,
646 1580 678 1634 ct
703 1569 843 1642 adhibita
864 1580 913 1636 est
943 1567 1064 1657 aquila,
1101 1577 1137 1632 ut
1160 1588 1217 1632 cor
1238 1591 1309 1632 ese·

42 1649 46 1670 ¹
138 1665 172 1714 15
181 1658 281 1722 deret.
326 1657 419 1721 Haec
440 1666 555 1732 autem,
577 1655 687 1742 inquit,
709 1653 814 1721 omnia
831 1675 893 1719 non
915 1653 983 1719 sine
1005 1654 1126 1718 ratione
1141 1652 1309 1738 linguntur.

179 1741 262 1807 Nam
283 1739 497 1807 Prometheus
526 1739 571 1804 rir
600 1738 859 1826 prudentissimus
890 1738 966 1818 suin
1001 1736 1088 1804 unde
1115 1737 1209 1802 etiam
1230 1737 1310 1803 Pro-

178 1827 324 1892 metheus
348 1837 397 1891 est
418 1823 523 1894 dictus
545 1846 564 1888 a
584 1826 713 1890 Graeco
735 1819 942 1926 προμήθειά,
960 1822 995 1889 id
1016 1833 1065 1890 est
1082 1821 1312 1910 providentio.

178 1911 249 1987 Hic
265 1909 382 1996 primus
404 1908 606 1996 astrologiam
628 1910 761 2000 Assyriis
782 1908 947 1988 indicarit,
984 1929 1080 1996 quam
1108 1906 1247 1975 residens
1277 1906 1334 1991 in·

180 1997 329 2061 Caucaso
353 1994 502 2063 altissimo
525 1995 619 2059 nimia
641 2018 719 2062 cura
742 2007 775 2061 et
795 1991 1004 2062 sollicitudine
1018 1991 1203 2080 perviderat
1240 1990 1308 2056 Hic

135 2089 284 2145 ²⁰autem
305 2102 395 2148 mons
416 2091 467 2145 est
488 2079 607 2167 positus
629 2081 714 2146 circa
735 2079 898 2168 Assyrios,
926 2078 1044 2145 ricinus
1067 2071 1305 2229 (ppeuetsideri-

1089 2187 1119 2228 rr
1147 2183 1184 2227 en
1199 2182 1230 2226 et
1250 2181 1305 2226 eo-

177 2273 248 2316 rum
270 2263 359 2318 ortus
387 2272 587 2338 occasusque
614 2249 781 2336 significat.
836 2249 961 2316 Dicitur
988 2259 1094 2314 autem
1121 2185 1227 2336 {nuile
1254 2267 1311 2312 cor

178 2336 245 2438 ejus
276 2336 435 2410 exedere,
468 2336 543 2486 poia
571 2345 661 2400 atrox
690 2347 739 2402 est
766 2334 962 2412 sollicitudo,
984 2331 1056 2422 *qua
1085 2331 1136 2397 ille
1165 2330 1311 2398 delectus

178 2421 316 2487 srderum
337 2443 446 2487 omnes
493 2419 726 2508 eprehenderat
755 2429 788 2485 et
810 2429 925 2488 motus.
977 2417 1022 2485 Et
1052 2417 1116 2504 boc
1146 2419 1220 2504 quia
1256 2437 1311 2505 per

134 2517 169 2564 25
179 2506 377 2594 prudentiam
401 2505 493 2586 lecit,
524 2503 608 2570 duce
626 2504 802 2579 Mercurio,
837 2505 890 2593 qui
920 2502 1108 2591 prudentiae
1129 2514 1162 2567 et
1184 2502 1311 2588 rationis

143 2641 147 2650 .
177 2591 344 2669 deusest,
373 2591 414 2656 ad
436 2587 683 2676 saxumdicitur
706 2611 778 2656 esse
799 2588 925 2676 ligatus.
976 2585 1197 2675 Deprehendit
1217 2609 1313 2676 prae-

175 2688 265 2744 terea
285 2677 439 2743 rationem
454 2674 634 2754 fulminum,
671 2686 708 2741 et·
726 2673 901 2742 hominibus
923 2673 1087 2752 indicarit;
1108 2672 1209 2756 ‘unde
1240 2685 1313 2740 c'ue-

174 2762 285 2828 lestem
307 2762 414 2848 ignem
437 2758 552 2825 dicitur
573 2783 645 2826 esse
667 2759 799 2826 iuratus.
852 2757 919 2826 Sed
949 2771 981 2826 et
1010 2757 1147 2848 quadam
1176 2759 1314 2826 arceat

177 2869 215 2911 eo
240 2858 412 2919 monstrata
436 2859 591 2933 supernus
612 2845 695 2934 ignis
717 2840 916 2921 eliciebatur,
952 2844 1006 2934 qui
1033 2842 1216 2910 mortalibus
1242 2865 1313 2932 pro-

132 2927 252 3011 coluit,
287 2931 361 2996 dum
395 2927 476 2994 b'ene
504 2952 543 2994 eo
573 2933 620 2996 usi
651 2941 731 2998 sunt.
785 2931 869 2998 Nam
920 2941 1009 2998 ostea
1034 2929 1115 2995 malo
1146 2927 1313 2994 hominum

163 3015 289 3086 ,usu‘in
304 3015 484 3166 perniciem
506 3037 616 3083 eorum
646 3038 754 3100 versus
785 3029 843 3084 est.
893 2953 986 3082 dicut
1005 3013 1046 3086 ,iu
1071 3012 1162 3080 Livio
1193 3014 1315 3104 lectum

339 3099 398 3165 ullo
419 3101 567 3181 Hostilio,
588 3103 642 3190 qui
660 3099 734 3167 ideo
757 3112 884 3188 eruptus
906 3111 957 3167 est
976 3121 1048 3167 cum
1070 3099 1216 3165 omnibus
1241 3102 1315 3167 suis.

173 3185 282 3252 Numa
307 3207 382 3260 uero
413 3185 588 3276 Pompilius
617 3189 659 3252 im
683 3209 744 3252 une
773 3209 812 3252 eo
841 3207 916 3253 usus
939 3198 988 3252 est
1017 3195 1137 3267 tantum
1158 3185 1192 3250 in
1213 3185 1317 3252 sacris

173 3268 315 3338 deorum:
374 3271 459 3336 Hinc
491 3287 566 3346 estc
583 3211 680 3360 quod
697 3275 773 3358 igne
801 3284 894 3360 rapto
932 3271 973 3338 ab
1008 3270 1094 3339 iratis
1130 3271 1316 3337 numinibus

130 3355 474 3442 aomorbihominibus
495 3356 645 3425 dicuntur
664 3379 736 3426 esse
759 3357 897 3425 immissi.
966 3373 971 3380 ⁴
1027 3361 1029 3366 '

449 3529 452 3533 ¹
548 3556 550 3564 ’
596 3527 682 3618 ll.¹
719 3547 885 3621 Venus.
952 3543 961 3564 ‘

170 3721 173 3729 Α
259 3672 287 3737 1.
333 3671 464 3738 Veneris
485 3684 600 3752 ortum,
622 3659 717 3762 quom
736 3674 782 3740 de
803 3651 942 3740 Satuino
958 3667 1091 3761 egimus,
1113 3668 1323 3736 sufficienter

13 3813 18 3830 ,
70 3785 76 3790 ·
173 3758 395 3843 cipressimus.
436 3758 532 3824 Hanc
552 3760 722 3847 Epicurei,
753 3759 806 3847 qui
829 3759 980 3849 voluptati
1008 3756 1166 3835 student,
1193 3757 1324 3822 bonum

172 3861 257 3920 rem,
283 3843 383 3909 Stoici
405 3865 498 3917 vero,
521 3845 573 3994 rpui
592 3839 750 3932 voluptati
764 3845 961 3924 renuntiant,
991 3852 1102 3909 vanam
1122 3861 1191 3907 rem
1216 3843 1326 3907 inter.-

226 4009 234 4025 ι
521 3929 570 3994 lio
593 3943 698 3998 tamen
722 3931 845 4008 Venus,
880 3929 967 4017 quod
989 3929 1032 3994 ud
1054 3927 1158 3994 omnia
1178 3926 1326 4002 veniat,

183 4021 289 4108 egitur
310 4009 472 4100 appellata.
529 4015 626 4080 Nuda
659 4016 799 4103 pingitur
830 4037 888 4080 seu
915 4012 1003 4100 quod
1034 4013 1153 4079 crimen
1176 4009 1329 4076 libidinis

52 4087 59 4093 ’
123 4159 127 4166 ,
169 4093 296 4158 minimo
319 4099 456 4176 celetur,
492 4121 549 4169 seu
571 4100 657 4186 quod
680 4101 772 4168 nudis
803 4102 993 4180 conveniat,
1022 4118 1080 4166 seu
1101 4098 1189 4187 quod
1216 4095 1329 4195 libido

168 4177 332 4243 consilium
368 4181 533 4266 cujuslibet
572 4183 671 4254 nudet
706 4198 738 4253 et
767 4185 862 4252 celari
891 4207 964 4252 non·
992 4183 1082 4250 sinat.
1134 4185 1263 4253 Rosae
1299 4203 1328 4244 er

145 4260 399 4366 adscribuntur.
443 4265 552 4333 Rosae
574 4270 655 4336 enim
679 4273 793 4338 rubent
809 4283 841 4338 et
861 4281 1028 4360 pungunt3
1050 4271 1191 4357 demque
1216 4266 1328 4336 libido
