2786 4800
55 309 58 318 ’
167 295 221 374 aa
291 329 329 343 --
458 290 640 390 myuagr.
668 288 700 360 1.
756 281 1012 360 raa-raa.
1096 351 1099 365 .

168 479 344 549 Thessalus
374 499 449 556 rea,
488 477 592 548 bubus
623 483 731 544 oestro
760 471 946 560 exagitatis,
979 467 1128 538 satellites
1147 486 1232 558 suos
1263 460 1306 528 ad

169 591 225 635 eos
253 563 464 632 revocandos
480 565 527 628 ire
550 560 714 652 jussisset,
750 557 857 626 illiue
885 579 980 624 cursu
1012 578 1075 632 uon
1109 549 1306 626 sufficerent,

169 651 383 720 ascenderunt
411 667 529 737 equos,
561 661 593 714 et
624 667 734 714 eorum
763 583 930 712 veiocitate
965 645 1062 708 boves
1094 637 1213 718 secuti,
1243 657 1307 699 «eos

170 735 300 806 cumulis
329 736 370 805 ad
401 745 487 802 tecta
517 744 716 799 revocarunt
770 726 837 796 Sed
867 729 900 796 hi
922 727 994 807 visi,
1030 738 1087 796 aut
1107 746 1204 814 quum
1224 721 1310 786 irent

145 823 337 897 5velociter3
371 831 426 892 aut
454 841 551 908 quum
575 839 687 883 eorum
710 817 784 905 equi
801 815 888 884 circa
911 817 1029 883 flumen
1048 813 1194 878 Peneum
1215 817 1311 896 pota·
1346 855 1354 886 ,

129 986 132 993 ¹
168 921 241 975 rent
269 909 423 996 capitibus
452 905 625 992 inclinatis,
657 903 763 970 locum
796 901 924 968 fabulae
953 893 1128 979 dederunt,
1158 906 1193 971 nt
1221 893 1312 958 Cen-

75 1079 80 1092 *
169 995 253 1062 tauri
275 1017 346 1060 esse
367 990 583 1076 crederentur.

398 1145 492 1221 164.
547 1105 805 1243 l3hoanissa
840 1111 1077 1216 sacerdos.

256 1275 436 1343 Phoenissa
470 1265 604 1364 Dryope
640 1267 793 1342 sacerdos
827 1277 897 1336 erat
930 1267 1040 1334 Liberi
1074 1266 1192 1356 patris,
1225 1281 1313 1347 quae
1354 1291 1359 1316 ι

131 1361 280 1430 lolurtim
306 1360 444 1450 ¹gravida
473 1361 576 1442 sacta,
614 1358 692 1430 ,dum
727 1368 855 1424 taurum
889 1352 1131 1422 immolandum·
1149 1349 1191 1418 ad
1221 1368 1313 1412 aram

172 1448 322 1514 cornibus
352 1445 525 1535 protrahit,
553 1445 657 1519 oueris
683 1443 798 1522 oblita,
827 1441 1106 1529 propter‘nimiam
1126 1438 1194 1528 njus
1218 1431 1310 1526 lussi-

171 1533 313 1622 tudinem
334 1533 437 1600 infans
460 1545 593 1600 coaoars
617 1530 735 1600 excidit
755 1525 798 1594 de
821 1526 920 1597 vulta.
1236 1560 1238 1566 ·

547 1697 640 1776 165.
695 1697 935 1803 Sisyphus.
1004 1759 1008 1767 ,

259 1832 310 1902 Sis
353 1831 414 1898 hus
451 1831 493 1897 oh
523 1829 590 1895 hoo
615 1827 669 1896 tali
698 1851 803 1917 poena
832 1805 998 1904 multatus,
1036 1825 1110 1913 quia
1142 1821 1310 1910 Aeginam,

71 1975 78 1999 ,
133 1918 292 2006 15Aesopi
318 1919 430 1997 tilam,
460 1916 607 2004 duppiter
637 1918 770 1997 amarit,
801 1933 935 2004 eamque
965 1912 1090 1980 custodi
1108 1911 1206 2061 patris
1229 1909 1311 1974 clam

122 2039 127 2058 «
174 2003 340 2093 surripuit3
362 2003 536 2088 attactum
556 2001 714 2090 Sisyphus
728 2003 894 2077 consessus
911 2011 970 2080 est,
992 1996 1079 2088 quod
1099 1997 1108 2061 i
1130 2019 1150 2060 e
1171 1994 1314 2060 humana

160 2083 300 2157 ‘levitate
316 2088 398 2178 patri
412 2087 577 2176 quaerenti
592 2086 750 2176 prodiditz
780 2086 866 2155 unde
888 2108 999 2154 saxum
1024 2083 1091 2150 sine
1112 2083 1184 2151 fine.
1198 2091 1312 2146 contra

101 2256 103 2260 .
174 2186 314 2252 montem
341 2186 449 2241 rotare
469 2172 594 2241 dicitur.
637 2169 742 2241 Aliter.
762 2211 804 2224 --
825 2173 981 2262 Sisyphus
1003 2180 1052 2235 est
1083 2169 1146 2256 ,qui
1159 2165 1244 2254 apud
1262 2165 1311 2230 in-

105 2269 108 2280 '
174 2263 260 2329 leros
279 2259 416 2361 lapident
432 2257 589 2348 grandem
604 2259 706 2341 volvit,
731 2261 804 2361 quia
819 2261 933 2328 multos
948 2257 1025 2344 inge
1084 2275 1163 2321 saxo
1176 2251 1312 2360 necarit.

133 2455 170 2502 ao
299 2397 300 2404 ¹
387 2420 1099 2526 166.A1·athusaatA1pneus.
1166 2425 1169 2433 ’

263 2551 421 2620 Arethusa
439 2552 590 2640 Nympha
612 2551 747 2638 legitur,
781 2552 947 2620 venatione
974 2575 1012 2618 ex
1035 2552 1116 2632 leta,
1150 2571 1186 2624 se
1205 2547 1316 2615 lavare

178 2637 209 2702 in
232 2637 351 2724 Alpheo
374 2639 512 2702 flumine.
555 2639 606 2707 Ex
627 2656 811 2726 quomam
832 2576 1034 2708 u‘damatalp

138 2891 325 2960 assistam,
340 2893 497 2994 persequi.
1031 2981 1036 2988 1

571 3033 663 3110 167.
717 3017 953 3144 Scyron(
1186 3104 1202 3136 ‚
1245 3073 1247 3080 ’

240 3191 247 3215 21
267 3163 410 3253 Scyron,
440 3163 502 3230 alto
523 3161 665 3232 residens
688 3188 786 3244 saxo,
814 3173 1014 3233 transeuntes
1035 3161 1182 3250 codgisse
1203 3157 1319 3241 fertur,
1337 3235 1340 3243 ¹

157 3257 221 3316 ”ut
241 3248 301 3314 sibi
320 3250 421 3337 pedes
441 3249 597 3332 lasarum
619 3249 707 3339 quod
728 3251 804 3350 dum
824 3251 985 3329 facerent,
1005 3271 1064 3337 eos
1085 3269 1124 3315 er
1145 3247 1319 3336 improviso
1342 3291 1345 3298 ,

55 3355 62 3366 “
185 3336 217 3401 in
236 3334 454 3424 praecipitium
475 3335 571 3403 dedit

3 3557 4 3570 ,
40 3589 42 3604 ,
90 3543 104 3601 '.
143 3539 179 3586 ao
352 3458 472 3576 1166.
526 3501 754 3605 Crotopus
791 3511 833 3576 et
870 3474 1117 3577 Coroebus.
1177 3529 1179 3536 ¹

270 3629 434 3719 (lrotopus
457 3652 514 3697 rea
536 3629 595 3698 fuit
615 3630 814 3718 Argivorum,
836 3627 926 3719 cujus
944 3627 1039 3695 filiam
1060 3623 1171 3716 Apollo
1190 3623 1319 3694 vitiavit.

187 3715 285 3790 Quod
306 3729 398 3804 pater
417 3715 586 3803 indignans
607 3717 701 3783 filiam
724 3716 899 3794 interemit,
931 3711 1004 3804 quia
1022 3715 1140 3782 Vestae
1161 3712 1318 3779 sacerdos

3 3791 4 3880 J
61 3865 64 3872 ,
162 3801 307 3881 luerat,
341 3814 374 3870 et
400 3803 431 3868 in
462 3803 640 3888 virginitate
661 3824 786 3890 semper
807 3799 982 3890 perdurare
1003 3799 1121 3870 debuit.
1163 3797 1202 3868 In
1223 3799 1320 3886 cujus

105 3903 108 3911 “
185 3886 337 3955 ultionem
363 3887 472 3980 Apollo
495 3888 644 3954 horribile
671 3897 845 3962 monstrum
874 3887 971 3968 misit,
1012 3879 1099 3974 quod
1134 3877 1320 3966 Coroebus,

3 3953 6 4028 i
45 4037 48 4042 ,
123 3971 446 4076 κ,ηῡῇιινειιῐῆ11611136]
461 3972 664 4056 fortissimus,
685 3971 810 4042 occidit
840 3970 887 4042 Et
907 3974 990 4054 han'o
1009 3969 1177 4040 historiam
1194 3971 1322 4038 Statius

2 4314 63 4483 ν

190 4057 409 4126 decentissime
440 4061 558 4126 scribit.
599 4057 708 4148 lpsum
742 4071 847 4128 autern
876 4069 1050 4128 monstrum
1077 4058 1191 4126 Lamia
1222 4079 1332 4123 roca--

187 4229 234 4378 piel
258 4229 425 4379 pppagines
448 4228 632 4320 fluminum
663 4229 747 4300 uude
773 4232 839 4320 ipsa
865 4231 1059 4316 ferocissima
1075 4229 1182 4297 bestia
1203 4227 1323 4302 hemia

209 4335 260 4378 rce-
317 4335 361 4378 ur.
718 4347 721 4361 =
790 4345 793 4364 ε

1016 2637 1129 2716 uisset,
1158 2645 1191 2704 et
1212 2633 1317 2699 liben-
1386 2647 1389 2663 ”

188 4145 292 4210 batur.
333 4143 468 4210 Lamiae
495 4157 567 4212 sunt
596 4147 678 4212 enim
711 4145 821 4219 fossae
839 4165 1028 4233 ,camporum
1059 4144 1166 4232 pluviis
1193 4143 1321 4232 plenae,
1364 4143 1367 4150 ⁴

49 2785 53 2794 .
178 2735 243 2788 tem
272 2722 423 2808 fugisset,
455 2720 589 2790 deorum
619 2723 820 2792 miseratione
841 2726 873 2791 in
895 2726 1148 2803 fontemoersa,
1179 2720 1315 2787 secretis
1388 2771 1389 2784 ,

180 2806 337 2874 meatibus
359 2805 400 2872 ad
422 2799 561 2876 Sicilia'rh
576 2809 678 2877 fluxit
721 2811 836 2886 Quam⁴
850 2808 965 2915 dicitur
987 2803 1124 2899 Alpheus
1145 2825 1247 2908 usque
1271 2801 1316 2874 ad
1388 2799 1389 2832 ³

1387 2879 1389 2950 l

1319 2996 1324 3033 ¹
1386 3051 1389 3064 t
