2726 4808
97 240 102 252 ⁴
206 195 322 300 nin.
348 225 498 299 cern.
523 229 559 299 r..
581 226 761 330 ...1.1,
798 225 889 302 rec.
918 225 1033 320 nn.v
1087 254 1091 274 ·
1128 221 1192 308 ss'

45 419 124 481 patre
143 411 284 478 viduliyg.
304 413 322 463 1.
340 414 392 462 211
420 428 447 478 p.
466 414 528 476 316,
545 407 625 463 schol.
650 409 683 462 ud
701 411 768 462 Stet·
793 409 843 466 Tlr.
862 419 894 479 1,
910 419 965 470 341
990 438 1016 488 p.
1033 405 1102 487 134,
1119 421 1183 478 Plri-

46 487 124 538 iostr.
143 486 221 550 isrcg.
239 489 272 548 1,
289 487 332 534 23.
352 511 386 520 -
405 485 438 532 21
462 481 596 556 tiresias)
610 479 694 532 Eueri
711 481 794 549 filius
817 484 888 537 addit
912 487 989 548 Lsc't.
1007 519 1042 532 ·-
1060 487 1183 562 responsa¹

44 555 130 624 pulis.
148 573 170 608 e.
189 551 463 616 Luctsdeiendcnte
485 551 637 604 Munclrero.
656 579 691 590 -
715 553 740 602 si
760 553 960 620 pulchritudini
984 569 1092 614 tanturn
1116 581 1183 618 suae

46 645 102 678 non
120 625 188 676 adeo
206 625 349 692 confideret
367 621 401 676 Β.
418 653 454 665 --
470 627 506 674 22
521 623 611 690 Ecba)
622 621 690 688 filia
707 623 821 676 Juncnis
847 626 967 682 additu.
985 637 1073 688 -23
1098 653 1182 708 neque

46 697 147 762 ullam)
173 695 260 763 Msjus
285 695 403 755 nitidans
432 694 519 748 ⁵ch
546 702 573 744 et
597 693 643 745 sui
656 694 722 760 pot.¹
743 709 769 746 o.
787 713 840 748 non
863 698 918 751 ino.
935 729 973 742 -
995 706 1075 777 cura)
1095 723 1183 759 amore

46 770 88 833 133
106 778 135 818 et
154 765 332 820 sollicitudine
349 767 422 820 addit
438 767 515 818 Luci.
532 793 568 830 ·.··
583 767 620 830 24
636 768 860 836 persequeretur.)
878 769 952 837 Lege
974 776 1184 848 persequebatur

45 855 108 892 cum
127 840 151 891 Β
170 844 196 890 et
216 839 345 890 1111.-
358 842 394 890 25
412 841 523 907 ejusque
537 836 602 903 etc.)
620 831 707 904 Cujus
723 835 752 886 in
770 835 824 905 lap.
843 857 936 892 versae
952 854 979 894 et
1004 845 1184 901 innantibus
1236 883 1238 892 ·

46 909 222 962 (absconditae
240 927 291 960 aas
309 918 418 960 tanturn
435 907 549 958 auditur
566 908 599 960 Β.
617 933 653 944 -
670 909 775 974 versae)
793 926 933 964 conversae
958 914 1033 969 Isset.
1051 949 1087 960 -
1105 919 1186 990 Quod

45 981 87 1047 er)
108 980 145 1032 Id
160 979 293 1030 tamensi
310 979 396 1044 Br—
411 983 448 1032 26
465 977 575 1044 accidit)
591 976 686 1029 incidit
711 977 786 1033 Luci.
804 1012 840 1024 -
857 981 912 1048 ira)
937 984 1069 1040 instinctu
1095 989 1129 1044 B.
1146 1019 1180 1034 -

45 1053 104 1116 est)
122 1061 191 1102 esset
210 1051 286 1103 Luct-
304 1057 331 1102 et
345 1051 378 1102 B.
397 1081 433 1092 -
449 1055 485 1103 21
505 1056 544 1100 *nc
569 1048 695 1118 Juppiter
719 1049 785 1116 etc.)
811 1068 844 1102 nc
869 1056 960 1105 Jovem
982 1055 1012 1108 in
1036 1070 1119 1112 mont.
1146 1063 1184 1117 N.

44 1131 249 1192 persequentem
266 1121 456 1190 deprehendere
470 1139 499 1190 p.
529 1120 562 1173 B.
578 1151 614 1163 -
631 1119 702 1169 -dum
726 1122 845 1194 perseq.)
867 1143 1027 1196 persequens
1052 1131 1128 1184 Lact,
1146 1158 1183 1174 .-

48 1193 199 1264 rnanifesto
227 1193 308 1260 depr..
324 1193 399 1260 Luat.
422 1225 458 1237 -
482 1191 578 1259 Echo.)
603 1191 655 1242 De
681 1189 757 1257 liujus
784 1193 1006 1251 transformatione
1026 1202 1077 1253 aliu
1105 1204 1184 1257 tradit

19 1274 24 1283 '
48 1267 122 1318 Ptol.
142 1263 227 1333 Heplr.
243 1262 298 1332 (up.
317 1263 393 1316 Phot.
410 1282 438 1332 p.
457 1262 655 1326 1521),31(1.
676 1262 757 1328 ner.)
775 1265 819 1330 qui
848 1284 873 1333 p.
893 1272 945 1320 149
963 1271 994 1335 b,
1013 1276 1030 1323 3
1056 1271 1183 1328 Helenum

48 1338 87 1389 its
105 1342 223 1388 vocatam
242 1351 299 1387 esse
316 1335 387 1386 dicit.
405 1361 441 1372 -
458 1334 509 1400 et.)
544 1335 629 1385 Recte
647 1349 698 1386 om.
717 1333 790 1386 Lact.
828 1335 868 1386 ob
884 1337 915 1388 id
930 1340 1013 1391 etiam
1027 1341 1122 1412 fertur
1141 1342 1204 1396 ob.'
1274 1397 1281 1402 ,

50 1399 110 1478 def.
126 1407 160 1458 Β.
176 1397 265 1458 -30
281 1405 390 1474 inspici)
406 1403 520 1474 conspici
531 1403 617 1472 possit
634 1404 666 1455 Β.
685 1431 722 1442 -
739 1404 848 1471 audita)
871 1409 986 1462 auditur
1003 1413 1078 1467 Lact.
1096 1417 1183 1468 Verba
1202 1473 1205 1482 ¹

51 1495 122 1550 qliae
146 1515 153 1531 .
169 1513 177 1531 0
192 1509 200 1527 ο
217 1476 314 1527 audita
332 1493 383 1529 (imo
401 1477 433 1527 B·
451 1507 493 1544 —n
522 1475 562 1526 De
580 1490 609 1526 l'e
626 1474 678 1526 Vid-
696 1475 777 1528 Pfluss
794 1481 826 1543 5,
844 1483 895 1545 21,
910 1487 928 1534 1
945 1489 973 1534 et
989 1487 1015 1549 2,
1033 1487 1084 1550 35,
1099 1491 1129 1540 9.
1146 1515 1184 1534 -ι

52 1555 85 1602 31
106 1546 295 1616 despectionem
309 1557 335 1597 et
350 1545 447 1600 crudel.
466 1545 503 1610 B..
512 1575 549 1588 -·
562 1549 597 1596 32
614 1542 778 1613 exhibebat.)
810 1549 1184 1627 1Μ11111111111.ιάεΙιὶῠιίεναίς

51 1621 99 1674 sed
117 1621 141 1672 B
161 1625 187 1672 et
205 1635 293 1684 margo
318 1620 400 1670 Gisel.
427 1626 591 1668 exercuerat.
615 1643 653 1655 -
677 1621 712 1669 33
737 1617 766 1666 id
792 1629 833 1670 cst
861 1619 951 1690 Fort.)
975 1641 1026 1678 om.
1057 1628 1131 1680 Lact,
1147 1661 1184 1678 ,,
1291 1647 1294 1664 .

53 1689 183 1759 compulit
201 1691 240 1753 83
266 1689 372 1758 impulit
396 1690 470 1770 Luci·
497 1695 633 1772 utrumque
660 1687 856 1755 praeterendum
881 1700 921 1745 est
945 1687 984 1762 arii
1003 1699 1129 1764 pertulit.
1146 1730 1184 1744 -
1279 1723 1287 1730 ·

51 1781 87 1812 cc
103 1762 182 1828 illc.)
217 1761 300 1813 codd.
324 1761 397 1816 Lact.
416 1758 480 1820 ille,-
507 1761 633 1812 Restituit
650 1760 790 1814 Giselinus.
805 1790 842 1801 ·-
868 1768 904 1816 34
929 1777 1053 1818 ureretur
1070 1772 1190 1824 nonnulli
1274 1801 1277 1816 ι

50 1833 131 1886 codd.
148 1833 223 1886 Luci.
242 1858 278 1870 -
293 1839 326 1880 ex
343 1831 426 1884 ossid.
443 1849 503 1882 oen·
520 1831 594 1884 Lect-
611 1857 648 1870 ·-
664 1847 697 1880 ex
715 1831 829 1884 assidua
840 1832 1012 1906 fatigatione
1024 1842 1186 1893 uenationis

51 1907 84 1957 Β.
105 1932 141 1944 -
154 1904 253 1970 juxta)
271 1901 414 1954 secundum
438 1903 563 1954 11111.-
580 1905 616 1955 35
641 1900 670 1952 in
695 1907 791 1971 opaco)
815 1905 888 1958 abest
915 1925 931 1958 a
964 1907 998 1962 Β.
1014 1939 1051 1952 —
1067 1911 1186 1977 similit.)

52 1973 196 2044 imaginem
213 1975 236 2026 B
255 1974 369 2030 etLact.
382 1975 417 2026 ci.
437 1973 546 2026 eundem
561 1974 595 2024 ud
619 1968 687 2024 stat.
713 1993 739 2042 p.
756 1977 819 2028 254.
837 1981 873 2017 ὲ-
889 1982 926 2030 36
948 1981 1126 2049 perspexisset
1150 1985 1184 2047 B,

51 2049 97 2114 «rui
116 2047 204 2098 omisit
227 2045 305 2098 lrsecs
332 2053 359 2095 et
387 2044 491 2096 diutius
514 2041 609 2093 ibidem
632 2043 684 2109 (ibi
707 2045 796 2112 Laut.)
821 2057 970 2100 moraretur
994 2051 1188 2116 (remoraretur

52 2118 154 2185 Luat).
173 2149 208 2159 —
225 2115 378 2186 novissime)
395 2114 510 2166 o‘lienom
527 2123 629 2182 putans
646 2113 795 2172 adamavit,
812 2120 924 2188 ejusque
942 2120 1079 2174 desideriis
1095 2124 1138 2175 ita
1156 2145 1186 2180 u.

53 2210 81 2240 ν.
100 2203 142 2256 pr.
157 2186 276 2238 intabuit
295 2187 327 2240 B.
345 2215 381 2228 -
399 2191 437 2238 37.
449 2185 556 2251 extitit)
575 2183 663 2235 oritur
686 2186 719 2238 Β.
736 2212 773 2224 -
790 2190 827 2239 38
852 2189 998 2256 Narcissi.)
1020 2193 1092 2246 Male
1120 2214 1186 2248 nar-

54 2260 155 2310 cissum
179 2259 212 2310 Β.
228 2288 264 2299 -
281 2255 382 2310 nomine
406 2259 465 2324 ejus
480 2288 481 2293 =
495 2256 526 2308 Β.
549 2281 585 2296 -··
608 2265 775 2307 annotarunt
803 2257 827 2308 Β
852 2265 879 2310 et
906 2260 981 2314 Luci·
998 2287 1034 2302 -
1050 2265 1186 2335 Duplicem

55 2332 91 2383 de
111 2329 233 2383 Narcissu'
252 2329 364 2400 subulam
389 2327 468 2382 trudit
489 2327 568 2380 Prus.
586 2329 619 2390 9,
635 2329 686 2391 31,
705 2330 731 2383 6,

153 2451 224 2518 186.
267 2451 454 2518 Lactant.
489 2468 594 2514 narr.
626 2445 735 2514 sabb.
760 2448 799 2528 5,
826 2449 907 2539 9³11.
932 2451 998 2520 822
1026 2414 1081 2546 sq.
1125 2455 1127 2462 ’

428 2534 641 2623 mythogr.
674 2534 727 2614 11,
750 2535 821 2601 101.

120 2642 219 2712 flacii)
239 2644 433 2696 11111111-
452 2630 535 2712 Mein.
561 2645 604 2694 ill.
625 2653 652 2694 et
677 2643 748 2695 Acir.
765 2643 890 2712 fluminis
906 2641 953 2710 fil.
977 2644 1010 2696 Β.
1028 2673 1064 2685 -
1082 2663 1100 2694 a
1116 2645 1186 2698 Plu·

51 2725 118 2766 tone
134 2724 241 2782 ruptam
258 2715 293 2767 Β.
311 2743 345 2754 -
360 2713 524 2786 inquirerent
542 2715 574 2766 B.
593 2741 627 2754 -
662 2714 702 2765 De
719 2717 868 2782 perentibus
887 2717 1006 2771 Sirenum
1034 2717 1086 2770 vid.
1109 2733 1187 2786 supra

51 2790 91 2838 42
111 2791 138 2837 et
162 2785 233 2852 Hyg.
253 2785 273 2838 1.
289 2788 339 2838 141
368 2804 395 2856 p.
412 2789 475 2838 246.
499 2785 518 2837 i.
540 2789 592 2837 125
610 2803 636 2854 p.
652 2788 715 2836 222.
734 2815 769 2824 -
792 2787 961 2855 invenisset.)
978 2788 1053 2854 Lege
1071 2789 1194 2841 invens-'

49 2864 124 2908 sent.
143 2884 177 2895 -
195 2875 278 2928 neque
294 2875 352 2914 earn
369 2855 517 2908 ullomodo
533 2865 641 2924 possent
658 2857 776 2908 invenire
791 2859 867 2912 Lact.
884 2888 921 2899 -
947 2876 965 2908 c
981 2857 1034 2910 diis
1050 2858 1189 2912 nouissime

49 2928 251 2996 impetrarunt,
280 2938 312 2978 ut
330 2928 467 2979 versucia
484 2925 537 2980 ool.
557 2934 607 2980 etc.
624 2928 648 2978 B
666 2934 693 2979 et
716 2928 845 2992 1111.-
865 2933 879 2980 1
905 2929 974 2998 sed.)
1010 2930 1084 2982 Adde
1106 2929 1190 2983 etiarn

50 3015 116 3052 curn
135 2999 157 3050 B
175 3006 204 3050 et
221 2999 295 3055 Lact.
309 3027 344 3042 ..-
361 3003 379 3050 2
398 2997 560 3068 consequiB
585 3004 612 3049 et
638 2998 714 3053 Lact.
739 3027 774 3038 —
797 3001 954 3066 Nouissime)
979 3003 1038 3070 (lna
1063 3019 1191 3068 concesso,

51 3070 105 3124 diu
123 3070 440 3138 quaerentcsnooissime
458 3075 507 3124 etc.
530 3070 563 3125 Β.
581 3073 650 3120 -3
677 3071 792 3140 Martis)
819 3072 900 3122 mnris
923 3073 983 3124 edd·
1006 3074 1080 3125 Lact.
1108 3088 1190 3140 usque
1260 3075 1264 3092 '

49 3141 89 3195 ad
110 3141 289 3206 Mancinum,
307 3143 352 3208 qui
370 3139 473 3194 Martis
491 3141 651 3204 revocavitxe
666 3141 718 3193 Ms.
737 3169 773 3182 -
791 3142 879 3196 Burtlr.
898 3144 955 3194 adv.
969 3148 1011 3209 lo,
1026 3149 1044 3195 8
1062 3147 1190 3198 correxit:

49 3210 144 3282 Siculi
161 3245 191 3268 ..
207 3244 215 3260 .
229 3213 319 3264 rnaris.
342 3241 376 3250 -
397 3211 532 3282 proximo)
554 3211 671 3279 proxime
696 3211 735 3276 83
762 3214 887 3280 proxima
910 3214 986 3269 Laot.
1011 3243 1048 3256 -
1072 3207 1189 3284 itadue.)
1292 3221 1297 3226 “

49 3283 167 3338 Rectius
184 3283 259 3336 Lact.
284 3286 335 3337 ita.
370 3283 506 3342 Bsutem
531 3281 584 3338 His
608 3299 758 3336 concessum
782 3301 886 3355 quoque
898 3284 978 3355 fuit,
1005 3296 1037 3336 at
1052 3283 1138 3338 tamd.
1155 3305 1190 3340 m.

49 3357 125 3418 inu,
142 3355 249 3424 qucmd.
267 3371 323 3405 ear.
341 3374 366 3404 v.
383 3354 534 3406 audiretur.
550 3382 587 3394 -
604 3357 622 3407 4
638 3353 737 3404 audito
754 3373 805 3405 nan
830 3364 900 3407 esset
928 3357 1039 3424 pessime
1062 3357 1138 3413 Lact.
1153 3385 1201 3408 -.

48 3429 89 3479 B·
101 3423 159 3476 irinc
177 3425 210 3478 ad
228 3425 279 3476 iub.
299 3425 403 3488 transit,
431 3441 508 3492 quarn
525 3439 603 3493 supra
620 3428 656 3477 42
673 3426 792 3491 legimus.
814 3453 847 3466 -
870 3431 888 3479 5
920 3425 1030 3495 Ulysses
1054 3428 1129 3480 Lact.
1154 3455 1191 3468 -

43 3495 134 3569 filiae
160 3495 242 3558 Solis)
270 3498 343 3548 abest
375 3511 390 3547 a
417 3497 507 3561 Luat„
543 3497 587 3562 qui
614 3493 685 3548 addit
716 3495 852 3547 obturatis
880 3496 1008 3562 auribus3
1038 3499 1099 3564 sed,
1123 3505 1191 3556 teste

49 3567 219 3632 Mancino,
235 3575 284 3619 nec
302 3567 354 3620 Ms.
372 3583 420 3620 nec
438 3569 499 3622 editi
518 3574 577 3620 aute
594 3568 751 3620 Rseuerium
770 3569 848 3620 verbs
865 3569 914 3620 ists
931 3577 1084 3635 agnoscunt.

161 3717 233 3784 187.
287 3713 478 3784 [nectunt.
512 3736 616 3781 narr.
649 3713 758 3786 sabb.
791 3716 875 3796 6,AE
906 3717 1096 3806 pedesq.
1201 3773 1203 3778 ,

452 3801 655 3889 mythogr.
677 3801 726 3880 11,
754 3801 805 3868 11.

129 3928 155 3966 v.
174 3915 192 3964 Β
210 3911 349 3984 digentis)
367 3927 419 3966 om.
438 3913 513 3971 Luci.
531 3942 567 3955 -·
586 3919 621 3967 10
639 3913 765 3985 r‘eciperet
783 3917 860 3971 least.
877 3923 904 3970 st
928 3917 961 3970 B.
979 3941 1016 3960 -·
1034 3919 1066 3967 11
1085 3913 1195 3981 ardore)

50 4006 89 4040 ex
107 3983 204 4036 ardore
223 3994 316 4036 aestus
342 3975 562 4053 et'longitudine
588 3986 648 4038 viae
672 3988 747 4040 Luci.
767 4017 803 4030 -
820 4005 853 4039 ex
877 3987 964 4039 calore
989 3987 1090 4038 aestivo
1107 3986 1141 4039 B·
1158 4008 1208 4024 -·
1277 3979 1287 3988 i

52 4058 114 4125 iris)
135 4055 185 4117 iis,
204 4055 251 4126 qui
269 4054 360 4106 ulnam
376 4065 403 4106 et
417 4057 532 4122 juncum
549 4057 693 4108 secundum
711 4057 799 4110 lacum
818 4059 935 4130 legerent
952 4060 1027 4112 Luci.
1044 4090 1081 4102 --
1098 4073 1195 4126 corpe-

52 4129 124 4180 lrant
153 4127 186 4178 Β.
212 4155 247 4168 -
268 4126 380 4196 propius
404 4126 525 4180 accedere
552 4127 576 4180 Β
607 4134 634 4181 et
665 4129 740 4184 Lact.
762 4159 797 4172 ·-
816 4136 850 4183 13
875 4129 983 4184 incensa
1012 4129 1094 4192 Luct3
1119 4127 1196 4180 irata

52 4201 216 4325 {ies-¹4
241 4197 354 4252 Auditis
383 4199 476 4270 itaque
499 4217 544 4270 pr.
573 4199 649 4256 Luci.
673 4229 709 4242 -
733 4205 768 4294 15
799 4202 881 4256 uertit
912 4202 951 4267 133
987 4196 1196 4275 transfumant
