2698 4804
171 207 255 284 aee
305 177 310 186 “
429 197 671 344 phynees.
708 208 779 280 111.
833 208 874 282 a.
930 179 1038 282 ra.¹

173 387 279 480 variae
301 393 441 460 omniurn
463 391 663 480 planetarum
684 389 840 456 motiones
868 389 1096 478 significentur.
1145 393 1235 460 Unde
1258 407 1284 460 et

174 479 312 546 circulus
329 480 399 566 ipse
420 477 537 543 Latine
560 476 712 564 signifer,
734 477 863 541 Graece
885 499 962 541 rere
983 473 1133 558 ζωδιακὸς
1155 503 1173 544 a
1193 480 1285 566 §adden

174 564 207 631 id
231 575 279 630 est
299 565 419 652 signo,
439 574 649 650 nuncupatur.
690 561 776 626 Nam
797 559 884 649 quod
906 585 925 626 a
947 564 1075 629 Graeco
1097 561 1175 650 ζων).
1202 563 1285 629 idest

123 705 126 720 ,
174 653 251 715 vito
269 650 317 714 vel
338 648 480 725 anime,
500 658 533 713 et
554 639 716 728 ζωδιακὸς,
738 645 772 711 id
796 658 845 713 est
862 647 1049 728 cadinalis,
1066 651 1106 715 ob
1129 650 1285 716 animalium

150 737 297 821 eligeres
318 733 349 798 in
376 755 414 796 eo
438 731 581 820 depictas
604 731 784 810 distorsit,
822 730 950 822 poetica
981 731 1122 800 illusione
1143 735 1285 821 excogita-

173 833 241 886 tum
274 817 404 884 videtur.
460 816 588 882 Deinde
620 829 654 884 ut
690 815 917 904 expeditiorem
950 821 1148 886 sermonibus
1180 821 1286 886 suiset

175 904 327 970 doctrinis
351 903 432 968 riam
454 902 614 978 lacerent,
654 900 787 988 singulis
815 900 929 992 figuris
962 901 1051 972 c'erta
1078 905 1225 971 voeabula
1250 903 1285 968 in·
1326 953 1327 964 ,

174 990 341 1069 diderunt3
364 998 397 1053 et
420 988 580 1053 nominum
593 985 783 1054 ¹diversitate
806 987 920 1076 aliqua,
942 999 978 1054 ut
998 990 1138 1078 ipsorum
1160 990 1286 1057 editioni-

175 1078 234 1142 bus
254 1073 454 1162 repperirent
471 1083 537 1140 tem
562 1095 653 1138 orum
675 1073 848 1153 rationem,
869 1072 1083 1151 attenderunt
1128 1077 1203 1141 lllud
1223 1096 1287 1159 erge

134 1162 320 1248 10signum‘,
352 1160 384 1224 in
407 1181 471 1245 quo
503 1095 645 1224 cedmon
668 1157 772 1224 lactus
785 1159 883 1260 juxta
901 1162 1165 1247 'computistarum
1187 1161 1287 1246 dogna

175 1246 299 1312 locatus
321 1255 387 1323 est,
407 1255 439 1311 et
460 1241 547 1330 quod
569 1241 702 1330 singulis
722 1265 811 1309 annus
832 1244 1087 1331 quintodecimo
1108 1246 1287 1315 calendanrnr

176 1330 287 1418 Aprilis
310 1330 362 1395 die
383 1327 580 1478 impeditur,
612 1349 708 1416 quern
729 1329 864 1416 primurn
884 1351 904 1396 a
923 1331 1080 1422 principio
1103 1333 1207 1400 mundi
1221 1331 1287 1394 dien

152 1417 273 1500 ¹fuisse
304 1425 419 1480 conten
445 1427 517 1494 unt,
556 1414 692 1501 primum
721 1415 885 1501 signorum
916 1415 1102 1498 voluerunt,
1134 1419 1165 1484 id
1195 1415 1287 1483 llrietis

148 1501 340 1577 uocabulo,
364 1499 511 1585 exipsius
536 1497 676 1564 animalis
693 1511 807 1566 natura
827 1499 982 1578 rationem
994 1505 1167 1584 trahentes,
1186 1521 1285 1568 nuncu-

133 1615 168 1662 15
177 1598 310 1677 parunt,
331 1586 395 1652 sive
417 1597 452 1652 ut
470 1582 621 1650 traditum
644 1585 809 1659 invenitur,
826 1585 901 1671 quia
922 1585 985 1652 hoc
1004 1589 1285 1678 animalpraecipue

176 1675 325 1739 cornibus
347 1670 446 1747 valet,
478 1669 746 1756 quemadmodum
767 1667 815 1738 sol
838 1693 881 1750 ee
900 1671 941 1736 ah
969 1684 1117 1764 tempore
1144 1674 1184 1740 ad
1209 1669 1285 1738 resnl-
1326 1733 1327 1744 ,

116 1802 119 1812 ·
174 1758 308 1824 rendam
335 1765 459 1822 terram
493 1753 624 1820 brumali
653 1755 763 1840 rigore
785 1755 1017 1838 constrictam,
1057 1761 1212 1828 radiorum
1240 1758 1285 1821 vin
1326 1759 1327 1824 l

175 1861 308 1909 exerere
326 1841 453 1928 incipit;
476 1840 542 1906 sire
561 1841 634 1927 quia
656 1839 829 1906 autumnali
849 1841 1070 1928 aequinoctio,
1091 1845 1177 1936 qued
1194 1853 1284 1931 quartu

175 1927 228 1992 die
271 1937 335 1994 rest
362 1926 541 2012 ingressum
573 1924 687 1991 Arietis
715 1927 768 2008 fir,
797 1947 857 2016 per
876 1937 987 1998 dotem
1027 1945 1189 2006 aestatem
1208 1947 1285 2014 usque

131 2013 219 2086 eoad
241 2011 325 2078 aiud
361 2011 613 2099 aequinoctium,
643 2010 731 2098 quod
752 2012 846 2079 lertio
879 2011 1088 2083 calendarum
1122 2014 1284 2084 Octobriue

176 2098 229 2165 die
243 2101 294 2188 lit,
317 2097 480 2176 dextrum,
502 2095 534 2161 id
554 2106 604 2162 est
624 2097 771 2183 superius
793 2096 1070 2199 hemisphaerium,
1092 2104 1176 2191 quod
1198 2098 1284 2166 colure

176 2183 399 2272 aequinoctiali
430 2183 524 2269 signa
554 2193 714 2268 tangente
737 2183 777 2248 ab
809 2182 954 2249 inferiori
985 2183 1155 2267 dividitur,
1187 2188 1284 2258 lustrat,

134 2311 136 2322 ·
173 2272 257 2336 sieut
286 2267 361 2336 illud
393 2279 461 2336 toto
489 2267 554 2334 hoc
581 2278 727 2356 ternpore
757 2265 870 2334 dextro
903 2269 993 2334 lateri
1024 2271 1129 2340 fertur
1151 2272 1284 2338 incubare.

98 2417 101 2424 ,
131 2435 136 2444 ,
173 2355 259 2422 Nam
282 2355 401 2443 reliqua
422 2353 495 2420 anui
512 2351 685 2420 medietate
709 2361 742 2424 ct
765 2351 812 2420 sol
833 2352 974 2420 similiter
987 2355 1193 2436 inferiorem,
1220 2353 1285 2418 ride·

131 2439 248 2510 aelieet
272 2439 450 2524 australem,
475 2438 628 2505 ambitum
657 2447 827 2527 peragrat,
858 2449 892 2506 et
911 2440 1000 2506 Aries
1024 2465 1123 2531 super
1154 2440 1284 2518 sinistrum

174 2525 256 2593 latus
280 2525 442 2591 incumbit.
484 2525 633 2590 Juniores
653 2536 758 2589 tamen
788 2544 824 2590 se
842 2525 1059 2627 perspicacius
1083 2531 1216 2597 sensisse
1233 2521 1285 2597 rati,

64 2661 66 2670 1
173 2612 259 2692 ideo,
279 2613 433 2698 inquiunt,
456 2631 567 2675 mense
579 2609 694 2674 Martio
706 2607 806 2674 solem
827 2608 861 2674 in
881 2613 987 2678 baete
1008 2613 1209 2692 collocamus,
1229 2608 1284 2696 qnia

175 2699 258 2764 sicut
286 2700 400 2762 arietes
429 2695 462 2762 in
489 2694 719 2782 posterioribus
747 2693 878 2773 infirmi,
908 2707 1007 2764 totam
1037 2699 1070 2764 in
1102 2697 1285 2770 anterioribus

173 2783 320 2870 eorporis
342 2779 562 2866 fortitudinem
581 2780 716 2860 habeut,
752 2781 797 2846 ita
828 2791 952 2869 tempus
984 2787 1180 2871 praeteritae
1199 2778 1314 2850 hienis·

132 2868 374 2955 cointemperie,
397 2878 575 2944 mortuum,
613 2879 691 2933 tuno
721 2864 876 2933 redeunte
904 2890 963 2955 per
997 2868 1071 2937 solis
1094 2870 1294 2951 accessionem,

134 3013 136 3016 .
173 2954 329 3041 temperie
352 2952 515 3019 reformari
537 2962 570 3018 et
590 2953 680 3037 quasi
701 2951 784 3038 erigi
806 2951 916 3038 incipit
938 2952 1143 3038 infuturum.

260 3039 310 3104 12.
352 3039 496 3104 Taurum
519 3036 662 3104 secundo
689 3036 762 3103 loce
783 3050 974 3122 posuerunt,
1016 3043 1093 3127 quia
1114 3042 1182 3110 sole
1199 3044 1283 3130 parles

151 3123 240 3191 rillas
261 3123 416 3203 adeunte,¹
441 3124 577 3212 primum
598 3119 684 3210 apud
705 3120 860 3208 quosdam
876 3137 948 3208 post
970 3125 1136 3208 hibernum
1156 3129 1284 3214 rigorem,

174 3211 272 3278 boum
311 3209 437 3276 labores
471 3209 615 3274 exerceri
653 3207 827 3296 incipiunt3s
864 3207 930 3273 sire
962 3212 1048 3297 quod
1082 3228 1159 3281 tune
1197 3222 1284 3275 corun

131 3307 292 3384 35opera‚
331 3293 366 3360 id
399 3303 447 3360 est
494 3302 641 3380 segetes,
676 3292 764 3380 apud
785 3292 990 3381 ‚plerosque'
1013 3296 1055 3362 ad
1096 3295 1284 3365 maturitatem

176 3381 326 3457 tendunt,
366 3391 400 3462 et
430 3378 517 3466 apud
552 3376 778 3453 nonnullosiu
812 3377 1054 3448 ferventioribus
1083 3383 1176 3450 terris
1209 3378 1284 3446 etiam

172 3477 352 3546 metuntur;
386 3465 453 3530 sire
467 3465 560 3551 juxta
582 3462 669 3542 alios,
692 3464 766 3549 quia
788 3471 898 3530 taurus
919 3465 950 3530 in
977 3467 1188 3534 anterioribus
1207 3459 1284 3532 mula

174 3553 288 3620 sortior
315 3561 365 3616 est
385 3549 494 3626 ariete.
536 3550 625 3615 Aries
649 3547 743 3627 enim,
762 3547 926 3635 inquiunt,
947 3551 978 3616 in
999 3553 1067 3618 sola
1085 3555 1205 3631 fronte,
1232 3561 1283 3614 tal·

172 3659 228 3706 rus
249 3657 324 3703 vero
346 3636 428 3702 et'in
451 3634 557 3740 eapite
577 3644 611 3701 et
631 3634 663 3698 in
682 3643 816 3723 pectore
836 3645 869 3701 et
888 3643 956 3703 tcta
976 3637 1025 3703 illa
1043 3638 1192 3706 anteriori
1212 3638 1284 3722 parte

131 3715 392 3798 mlertitudine'm
425 3733 554 3792 sortitus
589 3729 647 3786 est.
691 3719 826 3808 tsmque
855 3720 924 3787 sole
952 3721 1020 3810 jam
1056 3726 1147 3792 uobis
1178 3715 1285 3825 propin-

175 3811 304 3898 quiore,
334 3807 435 3897 major
454 3806 565 3955 incipit
583 3806 822 3871 increbrescere
855 3806 970 3874 server.
1024 3809 1077 3874 De
1100 3812 1285 3885 Gemruorum

174 3894 298 3962 ratione
342 3892 420 3960 uod·
428 3903 522 3980 pratu
535 3892 559 3958 it
580 3892 643 3958 auti
667 3891 766 3972 uitas,
788 3891 891 3977 magis
915 3892 990 3959 mihi
1013 3895 1284 3978 fabulosumque

102 3990 105 4007 ¹
174 3981 238 4045 veri
259 3916 359 4045 simiis
381 3979 482 4045 risum
505 3989 572 4059 est3
604 3915 690 4042 unde
720 4001 740 4043 a
762 3975 944 4066 junioribus
976 3982 1084 4046 censui
1119 3981 1217 4046 minus
1237 3970 1286 4035 dis-

173 4063 382 4130 sentiendum.
441 4063 625 4150 Pinguntur
656 4083 738 4148 ergo
768 4060 895 4128 Gemini
922 4067 1078 4149 porrectis
1110 4059 1242 4132 brachiis
1260 4071 1285 4118 se

131 4149 417 4236 amplectentes,
455 4161 487 4217 et
509 4149 598 4237 quasi
618 4147 722 4237 prima
743 4157 850 4214 aetate
868 4148 1102 4236 pubescentes;
1142 4152 1221 4218 sicut
1239 4140 1286 4236 illa,

22 4259 25 4324 q
134 4255 137 4271 ¹
173 4234 333 4322 inquiunt,
362 4245 507 4322 tempore
529 4233 623 4302 etiam
643 4233 813 4328 seminaria
835 4232 996 4304 radicibus
1016 4237 1149 4305 inferius
1170 4243 1286 4302 extensu
