2716 4794
177 219 259 330 aro
462 220 643 322 nryuoffr.
669 219 721 292 11.
756 199 1042 295 'sar-raa..
1157 285 1158 290 Ν
1257 195 1267 207 ··

289 347 293 354 Ι
565 403 670 481 Μ.
725 347 917 496 Venus.

267 540 412 611 indicato
443 543 542 632 igitur
561 567 581 612 a
602 543 680 612 Sole
700 543 857 614 adulterio
878 544 990 614 Martis
1011 553 1045 613 et
1064 543 1215 624 Veneris,
1240 541 1305 612 Vol-

182 649 282 696 canus
303 629 515 699 minutissimis
534 630 745 698 adamantinis
767 633 886 700 catenis
905 630 1053 698 lectulum
1067 631 1181 712 cinxit,
1203 628 1304 718 quibus

180 714 268 780 Mars
297 727 330 783 et
345 716 457 782 =Venus
481 717 666 804 ignorantes
697 717 852 806 impliciti,
882 729 915 784 et
939 728 1127 784 cunctorum
1147 718 1208 783 sub
1224 715 1304 782 testi-

156 801 288 869 amonio
310 799 444 868 deorum
466 825 539 868 cunr
568 803 701 889 ingente
727 802 921 892 turpitudine
942 801 1071 870 resoluti
1094 813 1175 954 suns}
1220 799 1305 876 Quod
1349 873 1350 876 Ἴ

181 885 301 953 factum
322 888 430 953 Venus
459 887 662 955 vehementer
690 885 817 969 dolens,
844 889 973 978 stirpem
989 911 1120 956 omnem
1169 885 1225 953 olis
1244 908 1306 976 per-

141 1029 146 1038 .
180 972 272 1059 sequi
292 972 426 1039 infandis
448 972 607 1040 amoribus
631 975 743 1061 eoepit.
785 974 905 1061 Igitur,
932 997 970 1042 ea
990 973 1198 1054 incendente,
1217 995 1306 1062 quum

180 1057 360 1146 Pasiphae,
383 1057 465 1124 Solis
488 1057 568 1137 filia,
589 1059 703 1126 Minois
725 1061 812 1146 regis
835 1061 953 1128 Cretae
974 1083 1072 1139 uxor,
1104 1060 1186 1126 tauri
1209 1079 1308 1146 amore

181 1143 224 1210 ila
252 1154 353 1223 raret,
380 1143 448 1211 arte
469 1143 603 1210 Daedali
626 1145 708 1211 iutra
727 1169 858 1213 vaccam
877 1147 1032 1234 ligneam,
1058 1146 1145 1211 corio
1160 1145 1308 1234 juvencae

140 1165 413 1332 mpulcherrimae
446 1241 585 1317 septam,
618 1230 740 1298 inclusa
768 1255 841 1297 cum
872 1243 964 1300 tauro
989 1254 1058 1298 rem
1087 1231 1215 1312 habuit3
1244 1241 1309 1296 nato

181 1313 258 1381 rude
278 1316 475 1396 Minotauro,
498 1316 550 1406 qui
570 1315 652 1384 intra
672 1315 884 1406 labyrinthum
904 1317 1060 1398 inclusus,
1081 1315 1226 1384 humanis
1248 1331 1309 1382 oar-

183 1400 275 1467 uibus
307 1403 504 1469 vescebatur.
556 1400 624 1468 Sed
662 1401 766 1469 Minos
804 1401 846 1468 de
877 1401 1038 1496 Pasiphae
1065 1401 1175 1474 habuit
1200 1402 1309 1470 liberos

180 1485 309 1576 plures,
333 1485 557 1574 Androgeum,
585 1485 763 1568 Ariadnen,
787 1487 985 1556 Phaedram.

522 1695 616 1772 122.
670 1697 972 1801 Androgeus.

44 1815 49 1826 ‘
121 1837 184 1888 ‚ro
267 1823 458 1912 Androgeus
508 1847 586 1892 uum
616 1823 734 1894 athleta
761 1826 949 1897 fortissimus
964 1817 1083 1905 esset,
1122 1834 1309 1912 cunctosque

179 1909 225 1980 in,
242 1911 401 2013 agonibus
430 1849 515 2000 apdd
545 1911 682 1980 Athenas
710 1926 892 2005 superaret,
932 1913 972 1980 ab
1008 1911 1252 1979 Atheniensibus
1283 1919 1309 1972 et

180 1994 289 2062 ricinis
320 1996 580 2085 Megarensibus,
614 2018 749 2085 quorum
778 2023 835 2066 rex
856 1999 954 2068 Nisus
983 2009 1071 2077 erat,
1102 1996 1309 2096 conjuratione

180 2083 223 2148 ab
249 2081 287 2148 iis
308 2081 340 2146 in
363 2105 435 2147 eum
458 2083 560 2164 lacte,
582 2083 701 2149 insidiis
723 2108 834 2154 eornm
858 2085 983 2152 occisus
1005 2095 1063 2151 est.
1093 2081 1192 2158 Quod
1205 2081 1309 2155 Minos,

180 2178 273 2256 pater
300 2167 385 2257 ejus,
423 2167 553 2252 dolens,
591 2169 729 2236 collectis
765 2171 912 2251 navibus,
949 2169 1029 2236 bella
1064 2168 1250 2236 commovit:
1282 2173 1309 2228 et
1349 2239 1350 2250 ,

138 2252 271 2319 ittvietis
294 2253 535 2320 Atheniensibus
559 2276 693 2342 poenam
716 2255 798 2322 hanc
826 2255 1005 2336 constituit,
1035 2259 1073 2322 'ut
1095 2253 1228 2342 singulis
1250 2249 1310 2340 qui-

182 2339 305 2426 busque
333 2339 422 2406 annis
444 2339 506 2406 Vll
536 2339 578 2405 de
607 2339 695 2422 filiis,
729 2353 763 2408 et
783 2341 845 2410 VII
874 2341 917 2408 de
938 2341 1061 2410 filiabus
1091 2340 1156 2408 suis
1175 2337 1309 2406 edendos

180 2423 359 2492 Minotauro
390 2426 558 2492 mitterent
1346 2453 1349 2634 p

571 2597 665 2687 125,
720 2598 925 2700 Scylla.
1003 2669 1037 2705 1,
1130 2669 1133 2676 s

273 2729 373 2808 Victis
407 2735 514 2800 autem
543 2729 804 2805 Atheniensibus,
845 2751 942 2817 quum
972 2738 1083 2796 corna
1110 2727 1314 2816 Megarenses

138 2812 269 2881 astella
289 2815 392 2881 Minos
414 2827 571 2896 moveret,
595 2817 669 2904 quia
692 2817 850 2884 formosus
873 2826 952 2893 erat,
973 2825 1096 2882 amatus
1113 2825 1161 2881 est
1175 2811 1314 2902 aScylla,

179 2899 252 2968 Nisi
271 2900 512 2988 Megarensium
537 2903 625 2989 regis
646 2900 720 2968 filia.
763 2904 857 2977 Quae
885 2912 921 2968 ut
950 2900 1033 2969 hosti
1054 2911 1162 2988 posset
1184 2897 1314 2986 placere,

181 3007 308 3054 comam
329 3003 540 3074 purpuream,
560 2991 684 3076 parenti
707 2988 882 3068 abscisam,
905 2986 1084 3065 eisohtulit3
1104 3008 1200 3072 quam
1222 2983 1314 3050 Nisus

181 3073 226 3139 ita
245 3071 403 3140 habuerat
423 3084 659 3152 consecratam,
685 3087 721 3142 ut
739 3073 860 3141 tamdiu
882 3094 984 3160 reguo
1007 3073 1188 3161 potiretur,
1210 3090 1314 3159 quam·

182 3159 237 3226 diu
257 3157 339 3224 illam
363 3158 523 3228 habuisset
542 3161 701 3228 intactam.
733 3159 857 3236 Minos,
877 3170 1014 3247 ¹accepto
1036 3157 1139 3236 crine,
1162 3156 1315 3223 civitatem
1345 3179 1346 3182 ¹

141 3242 397 3332 aoerpugnavit,
427 3255 459 3319 et
481 3244 594 3312 Nisum
615 3245 783 3324 interfecit.
825 3245 947 3311 Postea
967 3256 1000 3311 et
1018 3245 1063 3310 Sc
1085 3242 1142 3324 lla,
1171 3266 1192 3308 a
1212 3241 1315 3308 Minoi

183 3342 359 3412 contemta,
392 3329 503 3396 dolore
533 3331 565 3396 in
593 3329 682 3398 aiem
713 3353 866 3396 conversa
882 3341 955 3410 *est3
993 3341 1026 3398 et
1078 3329 1143 3394 isus
1163 3327 1315 3396 extinctus

181 3415 384 3483 miseratione
412 3415 601 3482 deorum‘in
625 3417 689 3483 avis
711 3428 849 3484 mutatus
871 3427 920 3482 cst
941 3415 1084 3510 formam.
1129 3413 1224 3488 Quae
1246 3429 1316 3486 aves
1344 3467 1345 3510 ,

182 3500 279 3568 hodie
306 3501 389 3568 inter
416 3525 452 3567 se
482 3501 673 3570 discordant.
726 3501 810 3569 Nam
840 3523 897 3588 pro
919 3501 1032 3568 veteris
1062 3492 1138 3566 odio
1162 3498 1265 3577 sacti,
1287 3492 1316 3560 id

183 3598 233 3656 est
260 3586 371 3668 crinis,
401 3587 498 3656 Nisus
528 3589 729 3676 persequitur
751 3587 909 3676 Scyllam,
939 3599 1069 3655 uveam
1090 3585 1185 3674 morti
1204 3579 1317 3654 eadat

139 3795 177 3846 ³⁵
262 3761 264 3771 Ι
548 3728 956 3858 taltsstrheseus
1067 3849 1071 3856 .

268 3915 335 3984 Sed
356 3914 562 3983 Athenienses
584 3909 660 3978 duur
682 3909 814 4001 singulis
837 3911 926 3979 annis
947 3910 1027 3983 filios
1045 3911 1230 3981 Minotauro
1251 3905 1324 3991 mil,-

183 4009 305 4084 terent,
341 4003 435 4070 tertio
462 4021 545 4066 anno
574 3997 742 4078 Theseus,
774 3997 969 4064 Athenarum
998 4000 1085 4087 regis
1107 3997 1209 4087 Aegei
1230 3991 1343 4067 filius*

182 4086 295 4152 missus
328 4101 393 4166 est,
412 4099 486 4156 ‚tam
511 4085 623 4150 virtute
642 4096 773 4171 potens,
805 4106 899 4170 quarn
923 4083 1033 4150 forma.
1077 4084 1140 4159 Qut
1162 4076 1325 4178 qoumtab

187 4172 342 4248 Ariadne,
379 4171 464 4257 regis
496 4167 577 4248 filia,
610 4183 733 4236 amatus
769 4167 894 4247 luisset,
927 4169 995 4258 ipsa
1025 4170 1158 4246 timens,
1194 4181 1235 4232 n‘e
1262 4159 1326 4258 ille,

19 4293 28 4346 χ
75 4261 94 4318 Ζ
143 4257 328 4344 toquumris
352 4257 458 4322 occiso
481 4253 678 4338 Minotauro,
706 4251 865 4341 multiplex
895 4266 928 4322 et
948 4245 1325 4342 perplexum'labyrintht

981 4478 987 4486 Ν
1119 4499 1341 4749 4
