2786 4800
468 205 649 308 nynop.
676 139 725 292 ιζ
764 203 829 294 nr,
856 204 925 280 aa.
1244 210 1271 284 r
1313 297 1316 302 ⁸

128 390 273 482 nuptias,
303 410 416 472 uecttrn¹
443 391 583 463 adduxit
635 389 786 462 Adducta
813 403 920 462 autern
949 414 1045 482 quum
1071 395 1139 485 jarn
1167 395 1199 462 in
1220 417 1269 466 co

127 489 224 558 esset,
246 487 284 545 ut
302 477 536 560 immolaretur,
553 477 697 546 Minerva
717 477 863 560 miserta,
886 480 1157 549 circumstantium
1168 481 1269 550 oculis

124 565 246 632 nubem
268 567 433 652 opposuit,
456 576 489 633 et
506 558 569 654 ¹pro
590 562 705 630 eadem
727 585 870 646 cervam,
899 576 935 633 ut
956 565 1089 645 dicitur,
1111 590 1152 656 ap
1169 568 1267 638 ,osuit

19 667 20 684 ³
125 647 183 716 llla
212 660 341 730 autem,
383 651 534 720 translata
565 646 610 718 ad
637 649 812 716 'Panricam
844 672 861 716 r
907 651 1031 730 ionem,
1072 653 1137 742 Scy
1194 675 1265 720 rum

18 803 19 806 ,
125 734 199 820 regi
223 734 365 802 Thoanti
388 737 504 804 tradita
530 747 595 815 est,
626 734 843 826 sacerdosque
862 671 958 804 egem
985 736 1167 826 Dictynnae
1186 739 1385 840 Dia-⁵&

126 842 198 884 nae.
244 820 353 894 Qurrru
371 821 547 889 secundnm
571 831 724 902 statutam
743 819 1006 888 consuetudinem
1027 820 1165 892 humano
1193 846 1266 890 san-

76 984 78 993 Ι
151 905 237 982 uine,
258 917 293 973 et
311 908 448 974 maxime
468 905 638 996 hospitum,
663 928 779 994 numen
799 906 950 996 placaret,
979 909 1112 992 agnovit
1133 911 1267 976 fratrem

124 927 298 1069 Proetum,
328 991 382 1096 ‹yui
410 1005 545 1081 accepto
574 991 722 1072 oraculo,
751 990 885 1060 curandi
905 992 1022 1058 furoris
1044 1015 1160 1074 causa,
1193 1017 1267 1061 cum

125 1075 231 1142 amico
244 1074 399 1147 fidissimo
414 1077 538 1170 Pylade
556 1077 697 1144 Colchos
718 1078 864 1168 petierat
905 1078 951 1147 Et
972 1077 1131 1158 curubis,
1156 1081 1266 1148 occiso

124 1161 298 1241 Thoante,
334 1163 537 1232 'simulacrum
570 1163 696 1232 sustulit
727 1163 948 1232 absconditum
982 1163 1071 1230 fasce
1102 1164 1307 1250 lignorumlo

131 1245 233 1332 (unde
252 1257 289 1340 pt
309 1245 468 1316 Farcelis
488 1247 621 1330 dicitur,
643 1271 706 1321 uon
727 1260 850 1320 tanturn
873 1272 893 1316 a
908 1247 1003 1338 face,
1025 1269 1098 1316 oum
1113 1271 1177 1338 qua
1197 1251 1268 1339 pin·

132 1331 249 1418 gitur),
280 1343 314 1401 et
333 1333 471 1402 Ariciam
492 1333 612 1404 detulit.
1129 1345 1130 1354 ’

481 1504 549 1582 21.
600 1502 903 1607 Hippodame.

210 1633 422 1726 Hippodame
440 1635 510 1704 filia
524 1620 781 1715 ferrucione,
811 1635 899 1722 regis
926 1633 1028 1707 undu
1051 1635 1264 1718 ewiserurn.

123 1721 190 1788 Hic
213 1742 315 1809 equos
333 1722 447 1791 babuit
465 1721 690 1801 uelocissimos,
712 1733 1008 1812 utpoteventorum
1024 1725 1103 1790 llatu
1121 1734 1306 1802 creaturus

124 1807 180 1894 qui
202 1829 321 1895 procos
343 1807 427 1874 tiliae
447 1807 562 1876 multos
584 1810 724 1888 necavit,
758 1809 818 1876 sub
848 1808 911 1874 hac
938 1806 1123 1876 conditione
1148 1829 1263 1896 proro-

125 1903 221 1959 catos
238 1891 281 1958 ad
304 1894 416 1961 cunule
434 1894 613 1975 certamen,
641 1906 691 1963 ut⁴
705 1903 762 1961 aut
783 1893 884 1961 rictus
905 1893 1050 1961 traderet
1067 1892 1180 1973 liliam,
1211 1903 1268 1962 aut

124 1977 230 2044 victos
251 1991 392 2048 necaret.
433 1979 556 2047 Postea
580 2001 677 2067 quum
700 1978 853 2068 Pelopem
878 1987 1017 2048 amasset
1038 1977 1266 2066 Hippodamia,

126 2064 274 2152 corrupit
293 2065 464 2154 Myrtilum,
485 2066 632 2152 aurigam
649 2065 758 2154 patris,
779 2065 872 2154 primi
887 2066 1003 2132 amoris
1022 2065 1190 2152 pactione3
1211 2063 1265 2166 qui

125 2149 223 2216 iactis
245 2150 348 2240 cereis
367 2152 478 2218 axibus
499 2173 616 2238 quum,
648 2154 768 2220 victore
796 2149 935 2238 Pelope,
965 2173 984 2216 a
1007 2148 1110 2236 puelle
1128 2171 1308 2237 -promrs-uo

128 2257 197 2300 suun
226 2249 378 2324 posceret
406 2237 600 2326 praemium,
637 2239 678 2304 ab
711 2236 781 2325 ejus
810 2235 918 2323 praeci
942 2233 1039 2302 italus
1070 2245 1121 2300 est
1152 2235 1267 2301 marito

128 2319 289 2402 inruere,
311 2322 363 2388 oui
385 2343 501 2392 noman
521 2321 687 2412 imposuit:
709 2343 782 2390 uum
804 2321 846 2388 eb
867 2333 908 2388 e'o
966 2329 1130 2412 yrtoum
1151 2317 1268 2386 dicitur

126 2405 271 2495 pdagus.
462 2447 469 2462 ·
493 2419 496 2428 '

212 2526 295 2657 92
342 2529 587 2688 Myrtilus,
629 2581 804 2692 Mirans
840 2590 883 2654 et
917 2577 1166 2680 Thyestes.

211 2710 408 2794 Mercurius,
443 2735 546 2800 aegre
575 2698 702 2794 ferens,
726 2713 758 2779 ‘a
793 2705 916 2798 Pelope
946 2706 1126 2811 Myrtilum,
1165 2705 1307 2794 filiurn25

122 2819 239 2879 suum,
264 2798 298 2864 iu
325 2821 415 2866 mare
441 2799 688 2890 praecipitatum
713 2789 945 2886 spoliatumque
966 2806 1049 2862 vitae
1069 2793 1161 2882 lege,
1191 2815 1265 2884 rep·
1301 2827 1303 2834 ·

118 2884 212 2974 perit
238 2882 425 2962 vindictam,
457 2906 523 2973 qua
555 2878 772 2972 consolaretur
800 2881 978 2947 orbitatem.
1010 2879 1107 2948 Nam
1134 2879 1265 2970 Pelopis

120 2971 213 3048 liliis,
241 2973 342 3050 Atreo
362 2979 395 3038 et
417 2970 604 3060 Thyestae,
630 2979 752 3044 tautum
776 2964 958 3037 discordiae
978 2963 1103 3058 in'ecit,
1131 2976 1168 3032 ut
1187 2988 1265 3068 ger-

120 3054 286 3138 manitatis
314 3054 390 3146 jura
424 3056 664 3144 disrumperent
709 3055 816 3130 Quum
850 3050 949 3144 igitur
982 2991 1109 3119 alienus
1144 3052 1264 3117 vicibus

121 3161 264 3229 regnum
290 3154 470 3230 regerent,
490 3151 523 3209 et
548 3141 647 3208 eoiret
674 3140 854 3230 Thyestes,
889 3158 1028 3224 regnum
1058 3158 1157 3225 penes
1188 3153 1306 3202 eumue

122 3226 266 3295 fataliter
285 3249 489 3308 mansurum,
516 3228 570 3330 qui
591 3227 724 3312 arietem
746 3223 835 3290 aurei
856 3221 978 3288 velleris
1001 3222 1145 3301 baberet,
1167 3244 1264 3309 quem

68 3353 70 3360 ·
122 3321 194 3378 tum
214 3315 348 3396 Aucus,
369 3330 505 3402 regnum
526 3335 704 3400 ingressus,
724 3307 943 3388 custodiebat,
966 3327 1174 3396 corrumpens
1194 3307 1263 3373 Eu·
1385 3321 1387 3330 “

124 3418 162 3462 ro
182 3420 256 3482 am,
287 3399 395 3468 ira-tris
419 3399 469 3466 sui
495 3421 649 3484 uxorem,
675 3419 749 3464 eum
768 3395 813 3462 ad
833 3391 1055 3486 aeltranslerri
1074 3413 1169 3483 posse
1189 3413 1264 3478 spe-

126 3421 226 3551 rabat
269 3473 367 3560 tirou
394 3484 446 3552 ille
475 3495 643 3574 postquam
669 3481 797 3567 didicit,
832 3503 905 3548 eurn
935 3501 1009 3546 cum
1034 3478 1162 3545 duobus
1192 3477 1269 3544 filiis·

124 3570 261 3658 expulit,
290 3583 324 3641 et
367 3582 474 3651 osteo,
495 3571 641 3656 simulata
662 3567 783 3660 gratia,
804 3564 941 3644 adeum
962 3563 1057 3640 misit,
1077 3563 1189 3664 eique,
1219 3561 1303 3630 ad35

123 3677 161 3722 se
182 3667 315 3738 vocato,
343 3595 425 3740 Mos
453 3678 529 3722 suos
546 3657 731 3742 interemtos
760 3646 1262 3744 apposuitepulandos;e1dem-
1381 3691 1383 3706 ·

122 3762 189 3830 que
209 3754 285 3832 post
303 3742 414 3831 epulas
434 3741 570 3808 filiorum
594 3741 706 3830 ,capita
739 3739 764 3806 si
813 3761 867 3804 urn
891 3735 1032 3802 convivii
1045 3732 1186 3812 ostendit
1214 3735 1277 3799 fe--
1381 3751 1383 3788 Γ

121 3826 209 3894 ralis.
246 3823 284 3893 ln
305 3827 397 3920 cujus
417 3829 465 3894 rei
485 3826 636 3895 ultionem
657 3848 756 3915 quum
767 3762 937 3914 ffiyestes
960 3819 1104 3888 consulta
1125 3818 1168 3892 de
1189 3842 1262 3923 ora·
1379 3805 1382 3856 ¹

122 3913 203 3980 culis
231 3925 398 4001 posceret,
427 3911 622 4002 responsum,
645 3924 713 3989 est,
739 3929 900 3999 pereum
924 3915 1047 3972 certam
1067 3907 1175 3972 venire
1195 3927 1260 3971 nn-

123 3997 262 4082 dictom,
287 3999 414 4088 quiex
438 3996 451 4063 i
474 4021 510 4066 so
535 3997 650 4086 et·,filia
672 3996 805 4086 Pelopia
827 4005 921 4061 natus
944 4003 1038 4060 esset
1074 3992 1177 4062 ¹Unde
1197 3991 1303 4070 ille,40
1377 3955 1380 4035 i

81 4099 87 4114 ‘
124 4085 187 4152 cito
218 4085 399 4174 amplexus,
426 4024 510 4152 fiiiae
538 4083 676 4170 invadit,
702 4105 742 4150 ex
766 4103 831 4169 ,qua
848 4088 945 4174 ‘natus
967 4090 1017 4147 est
1037 4099 1135 4166 puer,
1164 4099 1260 4176 quern

123 4169 181 4252 illa¹
204 4169 239 4236 in
267 4169 367 4240 silves
400 4181 531 4259 propter
565 4168 792 4242 conscientiam
824 4165 966 4232 incestus
1003 4163 1139 4243 ab'coitt¹
1182 4161 1258 4239 Hrc,
1311 4257 1312 4260 Ἴ

123 4277 242 4346 caprae
270 4257 424 4328 uberibus
447 4254 601 4340 nutritus,
625 4278 673 4324 'ex
703 4250 818 4340 eadem
837 4271 875 4320 re
894 4189 1121 4338 Aegistirus
1142 4266 1258 4314 nomen
1303 4315 1306 4328 ,
