2786 4800
373 231 618 352 lllytbopr.l.
673 233 752 308 187
769 230 931 311 -189,
987 239 991 249 ’
1063 171 1065 178 Ι
1165 235 1223 310 57

85 443 191 490 vasae
212 428 293 487 sunt
312 417 345 486 in
365 418 535 499 volucres,
548 431 585 498 ut
600 441 663 486 non
676 431 797 488 uatum
819 421 849 486 in
869 423 980 503 terris,
1001 419 1059 490 sed
1077 420 1110 488 in
1131 423 1223 506 mari,
1278 453 1281 465 ·

82 507 266 595 requisitam
298 507 447 595 persequi
479 517 617 592 possent.
667 507 846 574 Novissime
876 509 1072 576 devenerunt
1102 508 1145 575 ad
1167 531 1224 598 pe-

79 609 162 662 tram
182 591 317 672 Martis,
339 613 423 676 quae
442 593 624 661 imminebat
644 593 787 680 proximo
810 593 936 682 pelago.
971 595 1097 666 Herum
1113 595 1224 683 itaque

77 684 183 746 latram
208 679 283 755 uir,
311 689 366 756 ut,
397 677 547 764 quamdiu
570 699 680 744 earum
701 702 762 744 vox
789 679 897 746 audita
919 691 1011 746 esset
1026 673 1222 764 mortalibus,
1277 701 1280 706 ·

76 774 251 846 manerent
271 763 454 832 incolumes.
492 765 595 830 Forte
618 763 726 830 Ulixes
747 767 867 831 monitu
888 767 1012 846 Circes,
1033 767 1116 834 filiae
1127 768 1249 854 Salias

75 855 321 941 praetervectus
343 859 407 930 est:
440 862 507 918 turn
528 871 563 915 se
584 851 878 938 praecipitaverunt.
1078 868 1081 877 '⁴
1318 853 1321 860 ⁴

259 1033 352 1109 aar.
406 1033 588 1109 narona
622 1047 665 1110 et
696 996 828 1138 oyen
862 1040 1043 1114 rustici.
1080 1067 1085 1083 ι
1120 995 1127 1006 ’

168 1165 317 1242 Latona,
333 1165 422 1252 'Coei
444 1167 594 1254 Gigantis
615 1167 697 1240 lilia,
720 1187 816 1254 quum
840 1164 972 1240 ,lunonis
993 1165 1042 1232 ira
1066 1165 1109 1231 ob
1132 1166 1223 1235 adul-

83 1252 200 1319 terium
234 1273 274 1316 ex
300 1251 382 1317 Jove
412 1266 585 1341 conceptos
615 1251 788 1340 Apollinem
816 1262 848 1317 et
868 1251 1004 1316 Dianam
1024 1271 1140 1340 parere
1159 1275 1225 1319 non

88 1347 219 1426 posset,=
243 1335 392 1424 nullaque
420 1350 588 1420 errantem¹
607 1356 679 1424 eam
704 1337 796 1423 regio
825 1337 1017 1423 susciperetq
1052 1337 1263 1408 novissimelu

6 1491 9 1499 Α
91 1422 222 1490 venitin
244 1421 396 1510 Lyciam3
424 1435 461 1490 ‘et
487 1445 583 1512 quum
605 1424 721 1505 ardore
743 1421 862 1490 aestivo
884 1423 965 1490 sitim
988 1421 1107 1490 sedare
1122 1423 1227 1507 vellet,

92 1509 130 1574 ab
158 1507 224 1588 his,
257 1509 311 1594 qui
327 1508 460 1596 juncum
480 1509 633 1596 legebant
653 1531 748 1576 secus
768 1507 860 1588 litus,
886 1507 1044 1598 prohibita
1055 1519 1115 1586 est
1132 1533 1227 1578 acce-

90 1591 173 1660 dere
217 1591 325 1680 Quam
347 1595 389 1660 ob
411 1616 479 1662 rem
499 1595 547 1662 ira
569 1618 724 1678 accensa,
749 1595 839 1682 petiit
860 1617 879 1660 a
899 1592 974 1674 diis,
995 1605 1032 1662 ut
1054 1617 1228 1684 numquam

87 1691 202 1766 stagno
227 1677 357 1747 accolae
378 1693 533 1755 carerent.
576 1681 698 1750 Auditis
721 1681 880 1770 precibus,
899 1675 1048 1769 Juppiter
1067 1682 1228 1769 agricolas

84 1766 112 1832 in
134 1763 281 1853 speciem
306 1787 454 1832 ranarum
476 1767 639 1834 convertit
1236 1785 1272 1838 16

113 1893 250 2006 188,
277 1929 455 2027 Medea,
490 1932 646 2026 Iason,
682 1927 861 2027 Aeson,
892 1944 940 2008 et
972 1935 1182 2012 nutrices

138 2055 146 2060 ·
478 2034 639 2108 Liberi
670 2037 824 2134 patris.

176 2164 272 2231 Iason
301 2175 470 2252 postquam
497 2160 646 2228 Medeam
668 2161 705 2226 in
735 2154 906 2226 Graeciam
934 2147 1040 2242 duxit,
1072 2163 1238 2250 promisso.
1341 2189 1346 2206 *

84 2251 149 2319 sibi
173 2250 323 2345 conjugio
349 2246 524 2343 copulavit,
553 2247 656 2316 multis
678 2245 773 2314 rebus
798 2256 946 2332 expertus
966 2246 1130 2336 ingenium
1150 2245 1253 2339 ejus),

81 2335 197 2426 petiit,
238 2345 274 2403 ut
305 2345 469 2423 parentem
498 2335 655 2399 Aesonem
686 2331 719 2396 in
751 2329 996 2398 adolescentiam
1027 2332 1274 2422 perduceretau
1387 2417 1388 2422 γ

80 2425 126 2490 At
159 2421 212 2487 illa
238 2421 387 2489 nondum
406 2439 515 2488 amore
536 2417 699 2507 deposito,
731 2437 826 2503 quera
848 2416 881 2481 in
903 2438 976 2482 eum
998 2417 1126 2500 habuit,
1154 2419 1232 2492 nihil
1283 2433 1289 2441 ’

81 2505 285 2594 denegando
299 2508 339 2585 ei,
357 2507 493 2588 ahenum
505 2504 679 2583 constituit,
701 2501 936 2590 herbarumque
948 2520 1080 2589 genera,
1096 2527 1233 2593 quarum

81 2593 260 2662 scientiam
281 2591 406 2674 habuit,
428 2591 522 2660 variis
535 2589 730 2678 'regionibus
751 2585 911 2678 quaesita,
937 2610 1096 2678 coquens,
1130 2593 1233 2658 Aeso-
1290 2599 1296 2610 '

79 2703 166 2746 nem
191 2679 392 2746 interemtum
412 2679 499 2746 inte
521 2676 581 2744 ldis
601 2679 709 2743 herbis
730 2674 916 2755 immiscuit,
947 2685 981 2741 et
1005 2675 1039 2741 in
1065 2675 1234 2765 pristinum

78 2768 238 2855 vigorem
275 2760 430 2852 perduxit.
489 2702 520 2831 b

80 2861 291 2919 senectutem
318 2848 634 2925 remediis'Medeae
661 2847 835 2935 expulisse,
867 2847 962 2934 petit,
994 2859 1031 2916 ut
1058 2849 1235 2922 nutricibus

84 2935 161 3004 suis
185 2937 286 3002 ferret
308 2936 473 3016 aur'rhum,
508 2955 629 3022 easque
649 2934 681 2998 in
698 2931 950 2998 adolescentium
973 2932 1118 3020 vigorem
1138 2933 1237 3004 redu-

85 3033 196 3090 ceret.
240 3017 355 3123 Cujus*
371 3020 615 3105 arroteritateet
635 3018 748 3088 auxillo
768 3015 819 3082 illa
841 3015 1021 3105 compulsa,
1050 3019 1163 3088 lisdem
1182 3043 1238 3092 re·

83 3107 218 3188 mediis,
240 3109 355 3195 qmbns
373 3112 531 3176 Aesonem
554 3107 586 3172 in
598 3105 741 3258 primam
757 3102 957 3190 juventutem
977 3102 1159 3190 reduxerat,
1179 3105 1237 3174 ui-
1304 3191 1313 3201 ρ

84 3198 175 3274 bero
195 3204 367 3272 aeteruum
388 3192 577 3276 heneficium
622 3189 695 3260 adia
992 3265 993 3268 ,
1071 3259 1082 3286 p,
1240 3211 1279 3262 ao
1316 3239 1326 3254 ,

313 3361 410 3441 189.
463 3363 719 3444 Deucalion
751 3372 794 3437 et
826 3359 1017 3464 Pyrrhae

173 3492 329 3584 'luppiter
359 3504 491 3586 propter
512 3481 682 3564 audaciam
700 3489 730 3562 L
754 3492 862 3560 cannia
885 3479 1130 3578 oeterorumque
1151 3507 1237 3556 mor-

94 3573 224 3662 talium,
246 3583 309 3670 qui
322 3581 496 3648 sceleribus
516 3581 580 3652 suis
603 3579 699 3652 etlam
720 3513 854 3652 oleorum
871 3577 1044 3666 potentiam
1060 3578 1238 3657 tentabant,
1275 3613 1281 3628 ι

91 3665 209 3742 orbem
230 3678 388 3740 terrarum
406 3667 546 3756 profusis
557 3665 709 3738 imbribus
723 3662 887 3739 inundavit
901 3661 1064 3752 (diluvio),
1092 3661 1242 3736 Primum

90 3764 207 3821 antem
228 3753 375 3824 diluvium
395 3755 455 3824 sub
477 3753 618 3841 Ogyge,
638 3772 720 3840 rege
743 3750 993 3828 Thebanorum,
1022 3744 1143 3829 extitu,
1174 3765 1284 3828 nonas

90 3840 159 3911 sub
190 3839 341 3911 Saturno.
395 3839 586 3906 Secundum
615 3838 678 3906 sub
707 3837 806 3918 Jove,
845 3835 933 3924 qnod
969 3845 1002 3906 et
1034 3831 1241 3903 Deucalionis

91 3922 225 3998 dicitur.
278 3927 334 3998 Et'
354 3947 452 4014 quum
482 3918 547 3992 duo
576 3921 726 3992 mortales
758 3922 873 3994 ‘ietate
902 3931 1028 3994 ceteros
1056 3927 1241 4000 anteissent,
1331 3994 1335 4013 p

91 4009 289 4093 Deucalion,
309 4012 493 4082 Promethei
514 4009 606 4090 filius,
628 4018 660 4080 at
676 3947 815 4097 Pyrrha,
835 4004 949 4098 eadem
971 4025 1063 4080 soror
1092 4017 1126 4076 et
1149 4027 1242 4087 uxor,

91 4095 130 4169 in
166 4095 313 4166 Parnaso
332 4104 457 4168 *monte
485 4094 656 4184 proluviem
683 4094 830 4165 imbrium
856 4091 1060 4180 effugerunt3
1089 4103 1123 4165 et
1152 4102 1241 4163 sorte

92 4179 213 4249 moniti
242 4183 429 4266 Themidis,
463 4205 546 4270 quae
576 4205 616 4248 eo
645 4192 792 4268 tempore
819 4177 949 4253 antistes
973 4190 1081 4248 terrae
1100 4189 1188 4258 erat,
1218 4196 1283 4252 aaa

4 4309 5 4314 κ
93 4267 165 4336 diis
187 4291 245 4355 per
266 4291 383 4358 preces
402 4264 535 4340 senium
548 4277 743 4357 acceperuut
765 4263 973 4360 gesstfffldllss
993 4263 1099 4356 Pl⁰ll⁸·
1123 4259 1235 4351 „Alml'

499 2756 588 2828 ¹iber
617 2774 709 2852 pater
741 2773 778 2828 ut
799 2757 1038 2839 animadvertit,
1072 2766 1275 2839 Aesonemaa
1387 2771 1388 2856 J
