2786 4800
153 203 208 280 62
420 259 424 274 .
527 197 709 304 Mptlloffr.
737 200 772 277 l.
824 199 923 292 205„
940 271 957 290 ,,

154 415 239 458 mum
263 390 420 458 civitatem
442 383 593 453 condidit.
636 387 683 457 Et
708 387 996 458 bortatu·deorum
1027 383 1227 469 admonitus,
1263 389 1296 454 in

154 477 277 546 Italiam
307 472 456 564 perrexit.
508 472 708 561 Strophadas
736 483 769 542 et
796 473 910 544 multas
938 486 1107 563 praeterea
1135 471 1297 546 Graeciae

154 562 271 629 insulas
299 559 511 664 praeteriens,
548 559 590 624 ad
619 558 778 626 Helenum
806 561 838 626 in
868 559 1020 651 Achajam
1049 561 1141 627 venit.
1193 559 1297 649 Cujus

156 648 375 714 vaticinatione
396 645 550 725 monitus,
581 643 623 709 ad
641 643 713 710 litus
736 644 863 724 Italiae,
894 646 983 733 quod
1004 668 1066 711 non
1089 644 1187 731 longe
1208 645 1297 710 vide-

130 735 232 812 abat,
262 729 404 810 devenit,
434 742 468 795 et
493 751 551 816 per
573 751 628 795 eas
648 728 758 797 ltaliae
779 754 852 796 oras
876 731 1045 818 navigans,
1075 755 1153 819 quas
1175 731 1297 826 Graeci

153 820 235 884 inter
256 817 377 885 ltaliam
400 828 432 884 et
453 814 591 886 Siciliam
615 827 747 893 vocant,
781 839 854 882 cum
881 838 1001 904 magno
1030 815 1140 882 labore
1163 815 1206 881 ad
1228 817 1295 906 cy-

154 903 262 1006 clopas
295 902 386 970 veuit.
440 897 485 966 Et
518 921 616 986 quum
649 900 792 988 Drepani
824 914 951 992 portum
982 896 1197 991 pervenisset,¹
1236 925 1296 1004 per

56 999 57 1011 ¹
152 989 291 1054 Alncam
313 986 456 1076 pervenit
476 986 589 1051 iterum
612 983 654 1050 ad
677 985 834 1067 Siciliam,
860 987 967 1078 ibique
984 992 1133 1058 Acestam
1152 984 1296 1056 condidit

153 1076 275 1140 urbem.
328 1071 455 1139 Deinde
483 1069 605 1136 ltaliam
634 1072 703 1136 navi
731 1094 804 1152 ans,
842 1094 908 1138 non
938 1073 1036 1159 longe
1066 1097 1087 1140 a
1117 1073 1295 1162 Campania

112 1159 308 1226 loEubo'icis
326 1157 469 1226 litoribus
492 1155 645 1242 allapsus,
675 1093 853 1224 &manum
880 1156 1015 1248 consulit
1036 1157 1197 1248 Sibyllam,
1220 1180 1295 1224 cum

177 1269 216 1311 ua
247 1245 288 1311 ad
322 1245 479 1309 infernum
513 1240 696 1321 descendit,
733 1254 770 1310 ut
804 1255 920 1311 cuncta
959 1257 1181 1330 cognosceret.
1250 1245 1295 1312 Et

153 1269 270 1398 llcinde
291 1330 460 1396 Circaeam
490 1325 622 1392 insulam
653 1338 911 1416 praetervectus,
947 1329 1078 1398 tandem
1106 1329 1149 1396 ad
1169 1327 1295 1396 Italiam

152 1417 256 1494 venit,
289 1417 404 1482 ostium
430 1413 559 1479 'liberis
592 1413 727 1494 intrans3
757 1413 865 1502 ibique
892 1437 950 1504 pro
981 1437 1063 1502 paca
1091 1415 1167 1482 satis
1191 1437 1293 1500 agens
1336 1431 1340 1452 ¹

153 1501 261 1594 petiit,
292 1513 325 1568 et
345 1499 503 1568 amicitiae
524 1497 666 1565 Evandri
688 1497 812 1566 'unctus
833 1510 898 1580 est,
922 1513 955 1568 et
976 1501 1089 1566 auxilio
1106 1495 1293 1566 Tuscorum

112 1600 276 1660 lsauctus.
333 1585 401 1652 Sed
435 1609 456 1650 a
488 1583 620 1662 Turro,
658 1523 721 1650 filo
754 1585 868 1653 Glauci
899 1598 933 1654 et
960 1586 1121 1667 Veniliae,
1159 1587 1293 1672 reginae
1378 1623 1379 1630 κ

152 1659 355 1752 Rutulorum}
380 1670 460 1736 bello
483 1682 651 1771 exceptus,
675 1692 715 1736 eo
736 1670 922 1750 interfecto,
944 1671 1033 1738 duxit
1054 1672 1121 1762 ejus
1142 1695 1292 1759 sponsam

137 1759 336 1838 Lavinium,
368 1754 475 1823 Latini
503 1767 590 1842 regrs
624 1754 728 1824 liliam.
785 1757 839 1824 De
867 1757 957 1846 cujus
986 1759 1112 1824 nomine
1140 1757 1293 1846 oppidum

152 1843 319 1911 Lavinium
341 1839 499 1920 condidit,
528 1840 637 1928 ibique
654 1840 753 1908 ternis
775 1843 865 1912 annis
888 1843 1044 1931 regnavit
1085 1843 1161 1909 Mox
1182 1867 1291 1931 quum,

75 1959 77 1968 ·
153 1927 239 2018 apud
259 1929 432 2017 Numicum
458 1926 587 1992 fluvium
617 1922 843 2012 deambulans,
859 1951 1029 2018 nusquam
1050 1930 1291 2019 comparuisset,

110 2016 185 2083 eoin
208 2015 332 2084 caeluni
353 2012 522 2088 translatus
537 2009 675 2104 dicitur.
1164 2015 1166 2022 “
1304 2075 1308 2079 .

239 2172 321 2240 Item
342 2170 441 2237 aliter.
462 2206 504 2216 —
546 2163 638 2234 Idem
659 2167 805 2248 Aeneas,
825 2167 976 2234 ‘utcato
1000 2166 1094 2247 dicit,
1121 2175 1292 2255 postquam

153 2259 340 2337 Lauiniam,
371 2255 477 2324 Latini
500 2276 535 2320 re
560 2253 587 2320 's
608 2253 724 2331 liliam,
755 2254 882 2340 accepit
902 2275 1052 2335 uxorem,
1080 2252 1203 2320 virente
1225 2278 1292 2322 ma-

152 2345 215 2412 rito
242 2345 376 2423 'Furno3
407 2341 492 2408 idem
556 2360 653 2405 umus
681 2337 780 2404 ir‘atus
807 2338 925 2405 tamin
946 2339 1114 2419 Latinum,
1168 2361 1241 2405 uam
1258 2342 1290 2408 in

153 2431 310 2511 Aeneam,
337 2426 418 2493 bella
446 2424 603 2514 suscepit,
637 2444 657 2489 a
684 2423 846 2490 Maxentio
872 2423 1049 2514 impetratis
1081 2361 1210 2492 auxiliis.
1253 2427 1293 2494 In

109 2522 289 2601 25'quorum
312 2513 413 2601 primo
437 2509 520 2577 bello
551 2507 643 2597 periit
671 2507 823 2591 Latinus3
852 2510 884 2574 in
914 2510 1059 2577 secundo
1087 2511 1208 2599 pariter
1230 2514 1292 2578 Ae·
1321 2573 1330 2582 .

154 2621 239 2667 neas.
281 2599 402 2665 Postea
428 2595 622 2661 Maxentium
651 2593 809 2660 interemit
836 2596 1007 2676 Ascanius,
1044 2605 1078 2662 et
1105 2595 1292 2663 Laurolari-
1381 2635 1382 2638 =

151 2688 237 2752 nium
258 2685 368 2753 tenuit.
412 2679 513 2784 Cujus
535 2678 669 2746 Lavinia
687 2679 962 2771 timens'insidias,
982 2679 1121 2768 'gravida
1144 2684 1293 2772 confugit
1357 2673 1362 2690 ’

150 2773 183 2836 in
204 2771 313 2849 silvas,
343 2779 376 2836 et
396 2767 486 2832 latuit
505 2766 538 2830 in
563 2761 638 2831 casd
658 2766 794 2853 pastoris
812 2767 903 2856 Tyri.
945 2767 993 2835 Ad
1016 2789 1111 2854 quam
1134 2767 1288 2851 alludens,

151 2855 259 2945 'I'yrus
280 2866 372 2943 pater
392 2852 516 2938 recepit
536 2872 624 2930 eam,
650 2861 683 2917 et
706 2850 802 2918 lavit:
832 2865 866 2919 et
885 2853 945 2918 illic
965 2853 1056 2919 enixa
1078 2865 1127 2920 est
1146 2853 1291 2922 Silvium.

109 2941 221 3017 aosed
254 2963 351 3030 quum
386 2937 540 3005 Ascanius
574 2938 731 3023 flagraret
762 2937 898 3019 invidia,
932 2939 1076 3006 evocavit
1108 2959 1289 3021 novercam,

127 3025 201 3094 'et'
214 3027 243 3093 ei
272 3021 732 3104 concessit'baurolarinium3
770 3023 830 3090 sibi
863 3045 937 3091 vero
955 3047 957 3058 ¹
975 3025 1086 3091 Albam
1119 3027 1290 3095 constituit.
1380 3029 1382 3044 '

112 3131 117 3140 ·
150 3113 215 3188 Qui
232 3111 384 3202 'quoniam
405 3109 472 3175 sine
493 3108 599 3174 liberis
620 3109 731 3196 periit,
761 3107 874 3186 Silvio,
903 3109 958 3199 qui
988 3121 1021 3178 et
1044 3107 1119 3200 ipse*
1134 3113 1289 3180 Ascanius

61 3223 64 3228 ·
150 3199 254 3268 dictus
276 3209 350 3281 est,¹
378 3217 470 3264 suum
491 3194 616 3284 reliquit
635 3193 810 3284 imperium.
1094 3209 1097 3214 ’

529 3466 628 3546 205.
665 3471 898 3587 Rhesus.

108 3643 143 3692 aa
235 3627 365 3694 Rhesus
392 3647 448 3690 rex
477 3625 638 3692 Thraciae
667 3626 731 3693 fuit.
775 3625 839 3701 Qui
883 3647 956 3692 uum
979 3627 1020 3694 ad
1044 3629 1164 3716 'l’rojee
1184 3631 1288 3700 renis-

149 3726 198 3781 set
226 3713 355 3792 auxilia,
386 3710 564 3798 clausisque
587 3713 687 3800 portis
710 3711 845 3778 tentoria
860 3649 1006 3782 locasset
1025 3716 1056 3780 in
1079 3717 1187 3796 litore,
1215 3717 1286 3784 Do-

148 3799 221 3864 lone
250 3798 436 3887 prodente,
454 3797 508 3884 qui
528 3792 642 3864 missus
665 3797 769 3863 sumat
791 3796 987 3884 speculator,
1020 3823 1040 3866 a
1067 3801 1226 3869 Diomede
1253 3818 1287 3870 et

145 3883 240 3951 Ulixe
267 3896 318 3950 est
345 3881 549 3957 interiectus,
577 3881 632 3967 qui
658 3894 693 3947 et
716 3881 775 3969 ipsi
799 3883 995 3969 speculatum
1018 3900 1176 3956 venerant
1220 3891 1285 3956 Ab.

146 3967 234 4038 ducti
257 3979 330 4038 sunt
352 3968 444 4057 equi,
471 3967 588 4053 quibus
612 3966 794 4054 pendebant
815 3968 881 4036 l'ata
903 3969 1054 4059 Troiana
