2786 4800
160 213 213 289 ru
468 149 652 317 ujuogf.
676 213 711 288 r.
765 209 863 331 nse.
890 207 998 288 ees,

99 407 109 426 ‘'
159 399 381 469 comminando
392 411 513 470 vetem
525 409 683 491 aspectus,
699 409 807 468 tumen
823 393 1082 485 consangtn‘nene
1095 395 1235 465 utitatis
1248 396 1300 464 in-

158 485 312 556 evitabilis
331 484 430 554 ardor
447 486 547 554 evicit
571 487 637 556 ,Ac
657 483 798 574 Zephyri
818 483 924 552 flantis
944 504 1025 550 aura
1045 483 1232 563 vectitante,
1255 483 1301 550 ad

160 583 263 640 semet
289 572 431 639 sororios
459 571 605 662 perducit
635 571 790 652 affectum
829 591 933 672 quae,
966 566 1131 636 venenosis
1163 567 1302 638 consiliis

119 689 122 696 ·
161 657 203 724 de
235 658 337 728 mariti
366 657 467 726 forma
493 652 677 748 quaerenda
705 665 927 736 consentiens,
961 653 1194 736 curiositatem,
1221 677 1304 726 suae
1374 725 1375 742 ἶ

136 743 270 810 ssalutis
297 766 484 821 novercam,
518 741 658 831 arripuit.
710 739 859 828 Denique
888 737 1025 807 credens
1054 739 1234 825 sororibus,
1264 764 1304 806 se
1374 753 1375 834 ζ

162 829 274 896 rnarito
301 827 441 982 serpenti
468 828 686 919 conjunctam,
717 825 802 896 velut
831 824 964 892 bestiam
991 825 1228 908 interfectura,
1243 847 1305 892 no·
1374 841 1375 904 ζ

161 915 302 981 vsonlom
323 939 362 982 su
405 915 557 1003 pulvinari
578 909 757 993 abscondit,
776 909 1003 999 lucernamque
1019 905 1126 978 modio
1143 913 1312 998 contegit·
1374 925 1375 986 ἶ

160 1000 331 1089 Quumque
358 1000 465 1068 'altum
503 1021 654 1087 soporem
675 997 806 1073 meritus
828 995 1036 1077 extenderet,
1065 993 1117 1064 illa
1137 995 1232 1086 l'erro
1246 1019 1301 1064 ar·
1374 1011 1375 1072 Ϊ

161 1098 267 1165 mata,
295 1086 489 1174 lucernaque
513 1097 622 1167 eruta,
653 1081 814 1173 Cupidine
835 1104 874 1148 co
902 1082 984 1157 nito,
1014 1077 1090 1148 dum
1111 1081 1305 1151 immodesto

121 1172 277 1246 roamoris
308 1182 448 1240 torretur
475 1171 614 1250 affectu,
645 1167 838 1236 scintillantis
869 1102 931 1233 <iet
954 1166 1134 1236 ebullitione
1154 1169 1306 1238 maritum

161 1257 343 1326 succendit:
358 1257 557 1345 lugiensqoe
578 1254 717 1344 cupido,
738 1253 836 1322 multo
856 1273 954 1342 super
974 1253 1158 1324 curiositate
1201 1253 1306 1322 uellae

65 1351 71 1358 '
160 1345 361 1433 increpitans,
384 1341 480 1413 domo
503 1354 661 1413 extorrem
684 1363 725 1409 ac
744 1337 918 1430 profugam
936 1335 1111 1428 dereliquit.
1187 1339 1306 1409 andern

162 1428 265 1496 multis
278 1428 436 1530 jactatum
456 1427 591 1496 Veneris
611 1424 907 1518 persecutionibus,
933 1433 1047 1513 posteo
1068 1425 1150 1495 Jove
1173 1437 1305 1521 petente

32 1553 35 1557 -
161 1515 192 1583 iu
214 1515 400 1604 conjugium
420 1515 555 1608 accepit

27 1731 32 1752 .
74 1759 81 1768 “
122 1791 156 1842 15
248 1788 251 1792 ·
486 1763 605 1842 '252
659 1727 981 1846 Perdiccas,
1023 1812 1039 1841 .·
1106 1749 1110 1758 ¹

106 1990 110 2000 s
138 2003 142 2011 ,
245 1925 423 1996 Perdiccas
463 1926 522 2014 luit
554 1939 684 1998 venator
723 1930 879 1998 serarum:
923 1929 980 2020 qui
1012 1949 1072 2033 pro
1094 1926 1161 1996 riae
1194 1930 1303 1999 mains

163 2037 273 2108 amore
299 2024 488 2105 correptus,
519 2011 597 2080 dnm
626 2027 760 2104 uterque
786 2013 977 2088 immodeste
1002 2015 1055 2082 bbi
1078 2037 1132 2081 ure
1155 2014 1303 2096 ferveret,

106 2141 109 2151 ι
163 2115 197 2171 et
224 2099 415 2186 verecundia
437 2099 498 2168 rim
520 2102 591 2167 novi
614 2101 763 2169 facinoris
782 2102 1009 2181 reluctaretur,
1041 2114 1226 2169 consumtus
1256 2114 1302 2168 at-

134 2247 140 2258 ..
164 2210 228 2279 que
256 2184 299 2254 ad
327 2197 512 2254 extremam⁴
529 2189 637 2256 tabem
664 2185 822 2266 deductos
843 2210 916 2256 eme
936 2185 1059 2255 dicbur.
1100 2186 1230 2254 Primus
1250 2188 1304 2254 hic

120 2275 261 2350 apetiam
282 2295 403 2340 serram
422 2271 554 2354 invenit,
580 2273 673 2363 juxta
700 2272 875 2362 Virgilium.
918 2273 1044 2342 Veritas
1070 2271 1119 2340 sic
1139 2295 1175 2338 se
1195 2273 1302 2348 habet

162 2361 270 2446 Quum
291 2367 544 2438 metuebatur,
565 2371 610 2428 ‚et
629 2359 669 2424 ei
682 2358 809 2425 ¹ferinae
831 2357 939 2426 caedis
962 2368 1095 2426 cruente
1116 2359 1250 2427 vastatio
1270 2371 1303 2427 et

160 2442 363 2513 solitudinum
383 2443 577 2529 vagabunde
597 2441 751 2514 currilitns
773 2442 953 2532 displiceret
961 2465 976 2524 ;Χ
995 2443 1098 2530 magis
1117 2444 1210 2512 etism
1288 2486 1303 2498 -
1373 2499 1374 2518 ,

160 2528 322 2620 pendens,
346 2529 527 2598 contirones
548 2552 640 2610 suos,
660 2527 694 2594 id
714 2540 764 2597 est
784 2532 995 2610 Actaeonem,
1038 2527 1204 2611 Adonem,
1256 2531 1317 2621 'p-¹
1374 2605 1375 2616 p

162 2616 303 2704 polyturn
325 2611 524 2681 miserandae
544 2614 631 2680 necis
658 2614 787 2682 londos
814 2614 959 2692 interitu,
986 2616 1183 2686 venationem
1212 2637 1305 2684 exse-
1374 2621 1375 2626 ’

119 2717 273 2776 euersos,
304 2697 531 2787 agriculturam
565 2709 742 2767 assentatus
774 2711 831 2768 est
875 2701 930 2768 Ob
951 2722 1048 2788 quom
1068 2723 1137 2770 rem
1157 2713 1303 2781 narrem,

160 2786 195 2852 id
216 2798 268 2852 est
287 2797 408 2853 terram
437 2783 578 2852 omnium
609 2785 825 2873 genetricem,
855 2807 983 2858 amesse-
1007 2785 1143 2869 dicitur,
1175 2800 1208 2858 et
1240 2789 1303 2855 hoc
1374 2837 1375 2872 ,

160 2873 272 2984 lalpore
292 2871 336 2940 ad
357 2870 490 2937 maciem
514 2869 708 2960 perductus,

263 3143 378 3220 255.ι
408 3129 551 3220 Canis
583 3108 702 3223 inter
734 3147 887 3222 sidera
929 3147 1198 3224 translatus.
1245 3157 1257 3184 ²

247 3291 345 3359 Oanis
377 3290 458 3360 inter
488 3291 594 3361 sidera
624 3295 784 3364 constituti
815 3298 921 3366 fabula
952 3299 1034 3366 lraeo
1063 3310 1120 3366 est.
1163 3299 1229 3366 Hic
1250 3319 1302 3364 oo-

118 3380 208 3447 nonis
230 3377 346 3446 dicitur
366 3379 407 3443 ab
430 3376 511 3446 Jove
533 3390 641 3447 custos
662 3380 814 3484 Europae
838 3385 959 3473 positus
981 3406 1068 3461 esse,
1089 3397 1122 3454 et
1139 3381 1181 3450 ad
1194 3383 1303 3449 Minoa

160 3463 359 3552 pervenisse,
381 3461 468 3551 quod
490 3463 541 3530 ille
563 3464 725 3534 studiosus
744 3469 841 3537 luerit
857 3471 1049 3550 venationis,
1070 3481 1117 3538 et·
1146 3469 1211 3535 uod
1232 3469 1303 3534 cani

35 3584 40 3590 -
163 3551 267 3618 linerat
288 3546 414 3630 datum,
446 3571 487 3614 ne
507 3549 570 3618 olla
593 3549 661 3620 fera
681 3553 856 3640 praeterire
877 3578 949 3621 eum
971 3565 1089 3646 posset.
1162 3547 1303 3644 ost‘ejus

162 3635 283 3703 obitum
306 3634 393 3699 canis
416 3633 457 3700 ed
480 3635 657 3722 Cephalum
679 3639 840 3726 pervenit,
868 3641 959 3732 cujus
983 3661 1065 3708 uxor
1093 3639 1197 3710 fuerot
1218 3640 1303 3707 Pro-

162 3720 234 3786 cris.
285 3718 391 3793 Quem
412 3718 463 3784 ille
481 3717 606 3812 «ducens
626 3745 753 3806 secum,
778 3725 912 3794 Thebes
936 3729 1035 3807 venit,
1068 3724 1124 3792 ubi
1144 3736 1214 3804 erat
1236 3725 1302 3792 vul-

119 3827 237 3954 :rspca,
266 3805 319 3871 cui
348 3804 457 3870 datum
485 3804 668 3885 dicebatur,
700 3821 736 3876 ut
765 3832 875 3879 omnes
897 3835 994 3882 canes
1015 3813 1162 3898 elingere
1182 3822 1302 3901 posset.

179 3901 275 3977 taque
303 3911 410 3982 quum
429 3891 460 3956 iu
491 3913 587 3962 unum
613 3894 846 3982 pervenissent,
876 3899 1040 3988 Jupiter,
1069 3897 1195 3966 nescius
1247 3894 1302 3964 uid

162 3975 300 4054 laceret,
330 3987 365 4042 ut
393 3975 476 4044 Ister
504 3979 566 4054 sit,
595 3995 763 4068 utrumque
792 3982 824 4048 in
846 3980 906 4072 lepi
931 4009 981 4051 em
1003 3983 1187 4051 convertit..
1241 4005 1300 4048 on-

161 4059 231 4126 nulli
261 4059 346 4126 buno
377 4083 487 4132 canem
517 4064 657 4136 Orionis,
673 4089 745 4133 esse
768 4064 933 4151 diurnali
965 4081 998 4137 et
1023 4066 1110 4157 quod
1137 4066 1300 4136 studiosus

17 4231 18 4238 p
161 4146 254 4214 luerit
282 4143 433 4232 venandi,
462 4170 534 4218 curn
557 4174 596 4214 eo
618 4173 699 4218 cane
726 4175 854 4240 quoque
873 4156 956 4224 inter
975 4153 1081 4224 sidera
1098 4152 1300 4222 collocatum.

17 4255 18 4258 ¹
117 4232 346 4348 restitantem
365 4251 476 4299 canem
498 4234 582 4302 loari
600 4244 675 4346 esse
695 4235 856 4360 dixerunt¹
