2698 4804
185 203 269 280 aaa
426 177 689 336 (nonasp.
717 205 789 284 111.
845 195 1001 284 aaa.
1066 163 1069 170 ’
1145 243 1149 258 -

132 451 135 466 ,
174 389 339 482 Ἰεοὶιιιιιιη
371 382 615 486 interpretbtur3
639 402 765 480 »quarta
783 393 913 482 Agave,
941 411 1052 480 qnam,
1084 385 1154 476 quia
1176 379 1292 468 npmiuis

143 508 159 560 g
189 474 258 564 ejus
278 474 499 570 interpretatio
523 475 570 546 uel
586 476 770 564 incongrua
790 478 926 546 fortasse
947 477 1012 543 visa
1033 486 1098 552 est,
1124 469 1172 536 ael
1187 467 1292 535 Latinis

144 565 158 630 .’
189 562 261 626 inco
289 561 370 638 nita,
412 573 599 650 praetereo,
641 576 748 631 tamen
770 562 909 630 insaniae
943 557 1202 649 comparabimus,
1234 551 1295 640 quia

190 646 275 712 Ilent
298 647 328 712 ei
357 645 409 712 lilii
442 646 491 714 sui
526 656 641 738 caput,
678 649 761 716 sicut
788 647 820 716 in
861 645 968 712 fabula
995 647 1125 734 legitur,
1157 637 1295 710 ,violenter

167 729 336 798 bubacidit.
394 731 440 798 Ut
461 742 568 800 autem
589 733 685 820 paulo
707 734 798 802 altius
820 731 918 800 ordiri
940 729 1115 806 uideamur,
1151 727 1241 794 habet
1258 721 1295 785 l-

192 817 282 895 buta,
326 814 486 902 Gigantes
508 817 674 888 Bacchum
692 819 880 902 inebriatum
903 817 1076 895 inuenisse,
1105 823 1137 878 et
1157 810 1296 893 discerpta

191 925 230 970 eu
254 923 311 988 per
328 904 490 982 membra,
529 904 627 968 inusta
657 927 693 970 se
717 903 825 985 elisse‘,
859 915 893 971 et
914 925 988 968 etum
1009 901 1103 992 paulo
1124 908 1193 986 post
1214 893 1297 957 virum

191 998 224 1062 et
244 987 405 1075 integrum
428 987 647 1056 resurrexisse.
691 928 788 1064 buod
821 989 843 1055 fi
871 999 1011 1054 mentum
1033 983 1171 1072 discipuli
1196 974 1299 1064 Orphei

191 1071 387 1158 interpretati
418 1071 584 1159 leguntur,
622 1072 699 1139 nihil
728 1072 812 1162 aliud
843 1010 871 1140 b

153 1157 300 1228 inmundi
321 1155 558 1243 intelligendum
582 1171 779 1240 asserentes;
813 1181 913 1247 quae,
948 1169 984 1226 ut
1013 1159 1116 1224 ferunt
1136 1144 1300 1242 philosophi

97 1288 99 1294 .
193 1241 335 1329 quamvis
357 1243 446 1328 quasi
468 1243 744 1338 membratimper
763 1243 872 1310 mundi
895 1265 1034 1332 corpora
1056 1237 1214 1314 dividatur,
1234 1253 1300 1300 sem·

128 1411 131 1420 ,
191 1349 251 1416 per
278 1340 386 1396 tamen
414 1349 452 1393 se
488 1326 712 1418 redintegrare
749 1329 890 1410 videtur,
928 1328 1116 1416 corporibus
1147 1335 1303 1406 emergens,

193 1423 225 1480 et
261 1435 297 1484 oe
331 1413 490 1489 formans,
533 1411 609 1482 dum
643 1436 772 1503 semper
799 1437 865 1489 una
895 1413 1077 1504 eademque
1110 1423 1302 1499 perseverans,

195 1497 308 1566 nullam
329 1497 533 1584 simplicitatis
565 1521 644 1566 suae
672 1500 792 1592 patitur
824 1500 1008 1567 sectionem.
1041 1501 1136 1568 Hauc
1162 1486 1310 1562 edomia.

155 1583 301 1702 tribulum
323 1581 354 1656 iu
377 1581 475 1656 sacris
498 1582 565 1678 ejus
594 1598 853 1677 repraesentasse
884 1584 1047 1677 leguntur.
1152 1636 1167 1670 ·.

560 1722 626 1800 15.
688 1722 961 1800 Hercules.

281 1843 310 1906 1.
355 1839 530 1910 Herculem
588 1863 697 1936 unque
723 1840 811 1910 Jovis
839 1839 936 1907 lilium
968 1840 1068 1908 luisse
1097 1838 1212 1907 dicunt.
1255 1826 1303 1895 Hic

178 1919 238 1995 'ab
272 1924 339 1991 aliis
368 1926 521 2004 invictus,
597 1927 744 2021 mpbelae
777 1923 884 1994 tamen
915 1949 1003 2016 prae,
1024 1949 1136 1994 amore
1164 1916 1303 2008 subjacuit
1335 1985 1336 1990 ,

197 2034 282 2102 quae
298 2033 372 2078 eum
388 2029 466 2076 nere
488 2022 521 2078 et
536 2011 702 2081 mulierum
723 2012 831 2078 cilicia
843 2013 951 2098 oobgit
967 2013 1140 2079 exercere
1174 2000 1302 2072 Hercules

154 2099 295 2185 utigitur
337 2099 407 2173 uati
429 2090 541 2185 ἡρώων
556 2100 660 2178 κλέος,
684 2098 840 2164 virorum
854 2095 1011 2184 fortium
1056 2097 1159 2173 loric,
1179 2093 1303 2175 interpre-

196 2193 290 2252 tatur.
369 2183 403 2272 ic
420 2182 527 2249 Alcaei
549 2206 649 2278 nepos
668 2183 802 2264 dicitur,
823 2181 909 2248 unde
930 2193 964 2247 et
984 2182 1118 2248 Alcides
1135 2177 1302 2246 nomin‘atun

169 2319 170 2324 κ
196 2263 283 2356 ital
303 2267 387 2335 enim
410 2271 539 2334 Graece
568 2271 785 2357 praesumtio
812 2265 937 2353 dicitur.
984 2267 1071 2334 Nam
1100 2277 1134 2334 et
1155 2264 1304 2330 Alcmenam
1335 2269 1336 2322 Ξ

108 2424 111 2429 ,
175 2364 329 2444 ιωεῐτοιη
344 2354 452 2431 hebet,
468 2353 941 2442 quaeaalsuminterpretatur.
969 2353 1180 2420 Necmirum.
1206 2341 1305 2439 Etonia
1335 2341 1336 2365 ¹

199 2463 238 2506 ex
257 2439 335 2526 igne
347 2440 482 2528 ingenii,
499 2451 596 2516 ntea
612 2439 711 2518 Jove3
734 2459 772 2504 ex
793 2439 1059 2526 praesumptione,
1081 2437 1176 2504 idest
1190 2433 1305 2500 animosu-

155 2537 284 2602 notate,
321 2536 356 2592 ut
377 2548 416 2600 ex
437 2547 496 2590 avo
517 2522 652 2600 Alcaecg
684 2534 718 2590 et
741 2545 781 2588 ex
803 2523 869 2588 sale
890 2547 924 2590 sa
948 2525 1082 2604 ientiae,
1116 2534 1154 2590 ut
1174 2543 1211 2588 ex
1230 2523 1307 2584 matre

198 2612 367 2690 Alcmena,
402 2609 542 2677 virorum
558 2608 702 2702 ⁴lortiuuu
733 2609 874 2676 nascitur·
901 2548 1031 2696 glbriap
1065 2631 1151 2696 quiae
1180 2585 1307 2674 amiur

197 2695 326 2770 libidine
347 2705 527 2783 superatur.
574 2691 727 2788 Ομφαλὴ
747 2694 831 2762 enlm
849 2696 978 2764 Graece
999 2693 1190 2760 umbilicus
1211 2685 1308 2754 dicitur·
1334 2681 1335 2736 l

197 2779 316 2861 Libido
339 2791 446 2848 autem
467 2781 499 2848 in
521 2778 669 2846 umbilico
692 2778 874 2862 mulieribus
903 2779 1096 2846 dominatam.
1120 2825 1123 2832 ,
1149 2769 1309 2845 Ostenditur
1334 2791 1335 2802 ¹

154 2891 155 2898 ¹
199 2889 296 2956 ergo,
333 2864 421 2955 quod
453 2862 551 2930 libido
581 2864 677 2944 etiam
706 2865 854 2934 invictam
889 2864 1000 2932 domat
1019 2865 1179 2933 virtutem.
1201 2854 1307 2928 ‘Eidem

156 2951 336 3034 auilerculi
349 2953 458 3018 Cacus
485 2953 581 3024 boues
604 2950 728 3028 iuratus
749 2971 821 3018 esse
837 2951 968 3030 dicitur,
989 2961 1022 3020 et
1044 2948 1103 3017 ao's
1117 2970 1185 3038 ,per
1203 2941 1308 3013 caudam

97 3073 102 3080 ·
198 3040 243 3124 in
261 3036 445 3126 speluncam
475 3048 596 3107 tructos
637 3038 861 3116 abscondisse,
902 3059 997 3124 quern
1034 3034 1196 3101 Hercules
1227 3039 1308 3124 presit

173 3135 331 3228 ¹gutture
359 3123 536 3199 interfecit,
570 3121 690 3188 sumtum
721 3134 755 3190 et
782 3120 929 3190 nebulam
965 3133 1178 3192 eructantem.
1220 3117 1310 3184 Kotor

147 3255 150 3263 ·
199 3211 297 3298 igitur
319 3209 453 3292 moltam
475 3209 712 3296 interpretatur.
754 3204 835 3286 Ideo
857 3207 1109 3273 Herculisbona
1132 3192 1309 3288 concupiscit

199 3296 273 3382 quiin
313 3292 415 3364 omnis
452 3293 632 3380 malignitas
667 3293 774 3360 virtuti
815 3292 974 3359 contraria
1004 3301 1063 3357 ost.
1106 3291 1161 3357 'Iu
1191 3284 1334 3378 spetunca,

157 3379 427 3457 paulisconditur‚
453 3379 542 3468 1quia
579 3400 750 3464 numquam
777 3379 954 3466 malignitas
982 3375 1082 3442 libere
1113 3375 1246 3445 terrenis
1271 3373 1334 3462 tsi}

201 3465 268 3548 Sed
291 3462 469 3546 Hercules,
508 3459 542 3529 id
563 3475 613 3535 est
633 3463 749 3542 virtus,
769 3465 821 3546 let*
845 3462 944 3529 malos
965 3462 1117 3530 interficit
1139 3473 1174 3530 et
1195 3481 1250 3528 sua
1267 3449 1311 3518 vll·
1333 3472 1334 3496 ¹

201 3551 318 3624 dicot-
341 3551 450 3628 Cacus
479 3560 586 3616 autem
610 3547 732 3622 fumum
754 3559 788 3616 et
807 3549 972 3628 nebulam,
1005 3569 1090 3638 quae
1113 3548 1192 3614 visui
1214 3503 1334 3610 nocenti

200 3637 332 3715 emittit,
380 3635 453 3722 quia
484 3634 602 3702 malitie
631 3635 775 3700 occultas
807 3656 934 3722 semper
962 3623 1187 3720 deceptiones*
1208 3625 1313 3698 motitur.

202 3723 281 3794 Ideo
303 3737 335 3787 et
358 3718 474 3808 duplex
497 3719 630 3799 dicitur,
653 3719 727 3806 qnia
749 3721 865 3788 malitia
889 3717 1096 3794 multiformis,
1122 3739 1189 3782 non
1212 3707 1314 3798 simplei

159 3813 195 3868 4⁰
204 3824 262 3874 est.
304 3805 438 3894 Triplici
459 3811 598 3892 namque
616 3805 714 3882 modo
737 3818 833 3873 nocet
848 3805 1072 3892 melitia,''aut
1092 3803 1269 3876 evidenter,
1291 3794 1315 3852 1¹1

203 3894 379 4044 potentior,
416 3901 472 3956 aut
494 3890 666 3970 subtiliter,
698 3902 734 3959 ut
756 3889 851 3960 lblsus
874 3891 1013 3970 amicus,
1043 3887 1264 3958 aut-occulte,
1285 3879 1317 3976 „ul

217 4001 263 4048 ur.
308 3979 387 4049 Ideo
409 3976 501 4042 etiam
524 3978 707 4044 subtractos
731 3977 828 4045 bovas
860 3975 1044 4043 transversis
1064 3969 1333 4049 ducit'vestigssbl

874 1073 1009 1144 nochum
1053 1092 1145 1160 quam
1184 1065 1298 1130 animaru

46 4151 59 4157 -
170 4123 176 4138 ,
204 4067 278 4166 quia
294 4065 358 4155 'per
380 4061 449 4128 avia
473 4061 678 4129 abducuntur
702 4061 795 4154 furta.
841 4064 891 4128 lle
914 4063 1005 4144 Caco
1026 4073 1135 4128 tamen
1163 4059 1251 4124 aliter
1268 4065 1318 4138 seu3

162 4155 241 4220 u'atu
263 4149 401 4213 Servius.
446 4148 554 4213 (incus
577 4147 658 4212 enim
679 4149 856 4214 secundum
883 4145 1041 4232 sabulum,
1061 4145 1185 4232 inquit,
1214 4137 1317 4227 vulcam

206 4235 285 4300 lilius
322 4235 396 4308 luit,
431 4253 489 4296 ore
518 4235 625 4319 ignem
648 4255 688 4298 ac
713 4231 834 4300 sumum
856 4254 1002 4308 vomens,
1035 4227 1088 4320 qui
1113 4229 1319 4295 sternamur
