<?xml version="1.0" encoding="UTF-8"?>
<!DOCTYPE html PUBLIC "-//W3C//DTD XHTML 1.0 Transitional//EN"
    "http://www.w3.org/TR/xhtml1/DTD/xhtml1-transitional.dtd">
<html xmlns="http://www.w3.org/1999/xhtml" xml:lang="en" lang="en">
 <head>
  <title>
</title>
<meta http-equiv="Content-Type" content="text/html;charset=utf-8" />
  <meta name='ocr-system' content='tesseract 3.04.00' />
  <meta name='ocr-capabilities' content='ocr_page ocr_carea ocr_par ocr_line ocrx_word'/>
</head>
<body>
  <div class='ocr_page' id='page_1' title='image "./scriptoresrerum01bodegoog_0219.png"; bbox 0 0 2698 4804; ppageno 0'>
   <div class='ocr_carea' id='block_1_1' title="bbox 553 35 684 108">
    <p class='ocr_par' dir='ltr' id='par_1_1' title="bbox 553 35 684 108">
     <span class='ocr_line' id='line_1_1' title="bbox 680 35 684 44; baseline 0 0"><span class='ocrx_word' id='word_1_1' title='bbox 680 35 684 44; x_wconf 82' lang='lat'>.</span> 
     </span>
     <span class='ocr_line' id='line_1_2' title="bbox 553 67 645 108; baseline -0.011 -7"><span class='ocrx_word' id='word_1_2' title='bbox 553 91 559 108; x_wconf 82' lang='grc'><em>,</em></span> <span class='ocrx_word' id='word_1_3' title='bbox 632 67 645 100; x_wconf 73' lang='grc' dir='ltr'><strong><em>Ι</em></strong></span> 
     </span>
    </p>
   </div>
   <div class='ocr_carea' id='block_1_2' title="bbox 151 161 1037 322">
    <p class='ocr_par' dir='ltr' id='par_1_2' title="bbox 151 161 1037 322">
     <span class='ocr_line' id='line_1_3' title="bbox 151 161 1037 322; baseline -0.011 -22"><span class='ocrx_word' id='word_1_4' title='bbox 151 221 232 300; x_wconf 82' lang='lat' dir='ltr'><strong>ron</strong></span> <span class='ocrx_word' id='word_1_5' title='bbox 405 161 427 290; x_wconf 66' lang='lat' dir='ltr'><em>s</em></span> <span class='ocrx_word' id='word_1_6' title='bbox 468 215 759 322; x_wconf 50' lang='lat' dir='ltr'><strong>raynonem.</strong></span> <span class='ocrx_word' id='word_1_7' title='bbox 810 215 851 292; x_wconf 90' lang='lat' dir='ltr'><strong>o.</strong></span> <span class='ocrx_word' id='word_1_8' title='bbox 878 217 973 294; x_wconf 79' lang='lat' dir='ltr'><strong>so.</strong></span> <span class='ocrx_word' id='word_1_9' title='bbox 1030 279 1037 290; x_wconf 91' lang='lat'>.</span> 
     </span>
    </p>
   </div>
   <div class='ocr_carea' id='block_1_3' title="bbox 26 391 1341 3993">
    <p class='ocr_par' dir='ltr' id='par_1_3' title="bbox 26 391 1341 3993">
     <span class='ocr_line' id='line_1_4' title="bbox 153 391 1270 500; baseline -0.013 -23"><span class='ocrx_word' id='word_1_10' title='bbox 153 400 306 500; x_wconf 78' lang='lat' dir='ltr'><strong>optantis,</strong></span> <span class='ocrx_word' id='word_1_11' title='bbox 338 425 402 472; x_wconf 89' lang='lat' dir='ltr'><strong>non</strong></span> <span class='ocrx_word' id='word_1_12' title='bbox 424 398 645 472; x_wconf 80' lang='lat' dir='ltr'><strong>maledicentis</strong></span> <span class='ocrx_word' id='word_1_13' title='bbox 677 410 735 468; x_wconf 83' lang='lat' dir='ltr'><strong>cst.</strong></span> <span class='ocrx_word' id='word_1_14' title='bbox 777 399 861 470; x_wconf 74' lang='lat' dir='ltr'><strong>Sunt</strong></span> <span class='ocrx_word' id='word_1_15' title='bbox 888 411 995 468; x_wconf 84' lang='lat' dir='ltr'><strong>autem</strong></span> <span class='ocrx_word' id='word_1_16' title='bbox 1020 396 1101 464; x_wconf 84' lang='lat' dir='ltr'><strong>hoec</strong></span> <span class='ocrx_word' id='word_1_17' title='bbox 1120 391 1270 470; x_wconf 83' lang='lat' dir='ltr'><strong>maledicta</strong></span> 
     </span>
     <span class='ocr_line' id='line_1_5' title="bbox 152 482 1270 586; baseline -0.017 -24"><span class='ocrx_word' id='word_1_18' title='bbox 152 516 212 586; x_wconf 90' lang='lat' dir='ltr'><strong>per</strong></span> <span class='ocrx_word' id='word_1_19' title='bbox 239 491 433 560; x_wconf 88' lang='lat' dir='ltr'><strong>contrarium</strong></span> <span class='ocrx_word' id='word_1_20' title='bbox 460 491 606 569; x_wconf 70' lang='lat' dir='ltr'><strong>inventa,</strong></span> <span class='ocrx_word' id='word_1_21' title='bbox 635 496 672 555; x_wconf 90' lang='lat' dir='ltr'><strong>ut</strong></span> <span class='ocrx_word' id='word_1_22' title='bbox 700 485 741 553; x_wconf 88' lang='lat' dir='ltr'><strong>sit</strong></span> <span class='ocrx_word' id='word_1_23' title='bbox 764 486 855 575; x_wconf 82' lang='lat' dir='ltr'><strong>qussi</strong></span> <span class='ocrx_word' id='word_1_24' title='bbox 875 486 962 553; x_wconf 76' lang='lat' dir='ltr'><strong>salva</strong></span> <span class='ocrx_word' id='word_1_25' title='bbox 983 483 1151 554; x_wconf 77' lang='lat' dir='ltr'><strong>veneratio.</strong></span> <span class='ocrx_word' id='word_1_26' title='bbox 1188 482 1270 566; x_wconf 81' lang='lat' dir='ltr'><strong>Ergo</strong></span> 
     </span>
     <span class='ocr_line' id='line_1_6' title="bbox 128 565 1271 677; baseline -0.016 -29"><span class='ocrx_word' id='word_1_27' title='bbox 128 603 252 670; x_wconf 63' lang='lat' dir='ltr'><strong>fquum</strong></span> <span class='ocrx_word' id='word_1_28' title='bbox 273 589 399 645; x_wconf 90' lang='lat' dir='ltr'><strong>mortuo</strong></span> <span class='ocrx_word' id='word_1_29' title='bbox 422 571 490 641; x_wconf 78' lang='lat' dir='ltr'><strong>nale</strong></span> <span class='ocrx_word' id='word_1_30' title='bbox 512 573 648 652; x_wconf 85' lang='lat' dir='ltr'><strong>dicitnr,</strong></span> <span class='ocrx_word' id='word_1_31' title='bbox 679 593 743 637; x_wconf 92' lang='lat' dir='ltr'><strong>non</strong></span> <span class='ocrx_word' id='word_1_32' title='bbox 770 571 981 677; x_wconf 75' lang='lat' dir='ltr'><strong>etpmologin,</strong></span> <span class='ocrx_word' id='word_1_33' title='bbox 1010 568 1068 638; x_wconf 90' lang='lat' dir='ltr'><strong>sed</strong></span> <span class='ocrx_word' id='word_1_34' title='bbox 1088 565 1271 636; x_wconf 87' lang='lat' dir='ltr'><strong>consuetudo</strong></span> 
     </span>
     <span class='ocr_line' id='line_1_7' title="bbox 156 655 1273 748; baseline -0.018 -14"><span class='ocrx_word' id='word_1_35' title='bbox 156 661 389 734; x_wconf 71' lang='lat' dir='ltr'><strong>considerante</strong></span> <span class='ocrx_word' id='word_1_36' title='bbox 410 673 489 738; x_wconf 82' lang='lat' dir='ltr'><strong>cst,·</strong></span> <span class='ocrx_word' id='word_1_37' title='bbox 505 659 579 748; x_wconf 90' lang='lat' dir='ltr'><strong>quia</strong></span> <span class='ocrx_word' id='word_1_38' title='bbox 601 655 674 723; x_wconf 89' lang='lat' dir='ltr'><strong>nulli</strong></span> <span class='ocrx_word' id='word_1_39' title='bbox 695 656 764 723; x_wconf 83' lang='lat' dir='ltr'><strong>vale</strong></span> <span class='ocrx_word' id='word_1_40' title='bbox 784 657 936 731; x_wconf 79' lang='lat' dir='ltr'><strong>ducimus.</strong></span> <span class='ocrx_word' id='word_1_41' title='bbox 958 656 1014 724; x_wconf 86' lang='lat' dir='ltr'><strong>nisi</strong></span> <span class='ocrx_word' id='word_1_42' title='bbox 1034 677 1054 722; x_wconf 88' lang='lat' dir='ltr'><strong>a</strong></span> <span class='ocrx_word' id='word_1_43' title='bbox 1071 673 1273 743; x_wconf 16' lang='lat' dir='ltr'><strong>quotsepara-</strong></span> 
     </span>
     <span class='ocr_line' id='line_1_8' title="bbox 131 742 1336 838; baseline -0.017 -17"><span class='ocrx_word' id='word_1_44' title='bbox 131 771 239 822; x_wconf 81' lang='lat' dir='ltr'><strong>emur.</strong></span> <span class='ocrx_word' id='word_1_45' title='bbox 280 746 374 838; x_wconf 83' lang='lat' dir='ltr'>Apud</span> <span class='ocrx_word' id='word_1_46' title='bbox 404 746 505 812; x_wconf 78' lang='lat' dir='ltr'><strong>radas</strong></span> <span class='ocrx_word' id='word_1_47' title='bbox 536 745 631 811; x_wconf 86' lang='lat' dir='ltr'><strong>etiam</strong></span> <span class='ocrx_word' id='word_1_48' title='bbox 660 753 776 829; x_wconf 82' lang='lat' dir='ltr'><strong>gentes</strong></span> <span class='ocrx_word' id='word_1_49' title='bbox 804 742 928 809; x_wconf 79' lang='lat' dir='ltr'><strong>diversa</strong></span> <span class='ocrx_word' id='word_1_50' title='bbox 951 743 1082 810; x_wconf 85' lang='lat' dir='ltr'><strong>luerunt</strong></span> <span class='ocrx_word' id='word_1_51' title='bbox 1096 761 1212 836; x_wconf 73' lang='lat' dir='ltr'><strong>genera</strong></span> <span class='ocrx_word' id='word_1_52' title='bbox 1229 753 1273 801; x_wconf 79' lang='lat' dir='ltr'><strong>&#39;se</strong></span> <span class='ocrx_word' id='word_1_53' title='bbox 1313 745 1336 800; x_wconf 89' lang='grc'><strong>.·</strong></span> 
     </span>
     <span class='ocr_line' id='line_1_9' title="bbox 155 821 1274 926; baseline -0.016 -25"><span class='ocrx_word' id='word_1_54' title='bbox 155 835 312 926; x_wconf 88' lang='lat' dir='ltr'><strong>pulturae.</strong></span> <span class='ocrx_word' id='word_1_55' title='bbox 361 831 440 900; x_wconf 82' lang='lat' dir='ltr'>Alibi</span> <span class='ocrx_word' id='word_1_56' title='bbox 470 829 554 897; x_wconf 88' lang='lat' dir='ltr'><strong>enim</strong></span> <span class='ocrx_word' id='word_1_57' title='bbox 585 830 820 907; x_wconf 77' lang='lat' dir='ltr'><strong>obruebantur,</strong></span> <span class='ocrx_word' id='word_1_58' title='bbox 853 828 926 895; x_wconf 86' lang='lat' dir='ltr'><strong>alibi</strong></span> <span class='ocrx_word' id='word_1_59' title='bbox 953 828 1184 903; x_wconf 77' lang='lat' dir='ltr'>exurebantur,</span> <span class='ocrx_word' id='word_1_60' title='bbox 1212 821 1274 886; x_wconf 86' lang='lat' dir='ltr'><strong>alibi</strong></span> 
     </span>
     <span class='ocr_line' id='line_1_10' title="bbox 26 906 1274 1011; baseline -0.018 -17"><span class='ocrx_word' id='word_1_61' title='bbox 26 981 29 994; x_wconf 89' lang='lat'><em>.</em></span> <span class='ocrx_word' id='word_1_62' title='bbox 155 923 273 1011; x_wconf 88' lang='lat' dir='ltr'><strong>primns</strong></span> <span class='ocrx_word' id='word_1_63' title='bbox 295 917 537 987; x_wconf 74' lang='lat' dir='ltr'><strong>remittebantur</strong></span> <span class='ocrx_word' id='word_1_64' title='bbox 556 913 597 980; x_wconf 89' lang='lat' dir='ltr'><strong>ad</strong></span> <span class='ocrx_word' id='word_1_65' title='bbox 643 913 754 993; x_wconf 82' lang='lat' dir='ltr'><strong>atrias,</strong></span> <span class='ocrx_word' id='word_1_66' title='bbox 784 912 855 980; x_wconf 86' lang='lat' dir='ltr'><strong>alibi</strong></span> <span class='ocrx_word' id='word_1_67' title='bbox 884 915 980 982; x_wconf 85' lang='lat' dir='ltr'><strong>etiam</strong></span> <span class='ocrx_word' id='word_1_68' title='bbox 1004 935 1066 1003; x_wconf 86' lang='lat' dir='ltr'><strong>per</strong></span> <span class='ocrx_word' id='word_1_69' title='bbox 1087 911 1188 989; x_wconf 86' lang='lat' dir='ltr'><strong>diem,</strong></span> <span class='ocrx_word' id='word_1_70' title='bbox 1214 906 1274 972; x_wconf 77' lang='lat' dir='ltr'><strong>alni</strong></span> 
     </span>
     <span class='ocr_line' id='line_1_11' title="bbox 157 991 1277 1103; baseline -0.017 -29"><span class='ocrx_word' id='word_1_71' title='bbox 157 1029 217 1096; x_wconf 89' lang='lat' dir='ltr'><strong>per</strong></span> <span class='ocrx_word' id='word_1_72' title='bbox 242 1017 378 1072; x_wconf 85' lang='lat' dir='ltr'><strong>noctem.</strong></span> <span class='ocrx_word' id='word_1_73' title='bbox 427 1001 512 1070; x_wconf 84' lang='lat' dir='ltr'><strong>Nam</strong></span> <span class='ocrx_word' id='word_1_74' title='bbox 534 1023 577 1067; x_wconf 90' lang='lat' dir='ltr'><strong>ne</strong></span> <span class='ocrx_word' id='word_1_75' title='bbox 643 999 808 1080; x_wconf 84' lang='lat' dir='ltr'><strong>eraclitus,</strong></span> <span class='ocrx_word' id='word_1_76' title='bbox 838 999 893 1103; x_wconf 81' lang='lat' dir='ltr'><strong>qui</strong></span> <span class='ocrx_word' id='word_1_77' title='bbox 924 1000 1029 1066; x_wconf 88' lang='lat' dir='ltr'><strong>omnia</strong></span> <span class='ocrx_word' id='word_1_78' title='bbox 1058 998 1122 1066; x_wconf 81' lang='lat' dir='ltr'><strong>nult</strong></span> <span class='ocrx_word' id='word_1_79' title='bbox 1152 1017 1190 1062; x_wconf 82' lang='lat' dir='ltr'><strong>ex</strong></span> <span class='ocrx_word' id='word_1_80' title='bbox 1211 991 1277 1080; x_wconf 81' lang='lat' dir='ltr'><strong>igne</strong></span> 
     </span>
     <span class='ocr_line' id='line_1_12' title="bbox 157 1078 1277 1174; baseline -0.016 -15"><span class='ocrx_word' id='word_1_81' title='bbox 157 1103 322 1172; x_wconf 80' lang='lat' dir='ltr'><strong>constare,</strong></span> <span class='ocrx_word' id='word_1_82' title='bbox 353 1087 448 1167; x_wconf 86' lang='lat' dir='ltr'><strong>dicit,</strong></span> <span class='ocrx_word' id='word_1_83' title='bbox 479 1082 520 1153; x_wconf 91' lang='lat' dir='ltr'><strong>de</strong></span> <span class='ocrx_word' id='word_1_84' title='bbox 564 1107 599 1152; x_wconf 87' lang='lat' dir='ltr'><strong>re</strong></span> <span class='ocrx_word' id='word_1_85' title='bbox 625 1105 763 1174; x_wconf 85' lang='lat' dir='ltr'><strong>corpora</strong></span> <span class='ocrx_word' id='word_1_86' title='bbox 789 1084 822 1150; x_wconf 89' lang='lat' dir='ltr'><strong>in</strong></span> <span class='ocrx_word' id='word_1_87' title='bbox 851 1105 958 1173; x_wconf 75' lang='lat' dir='ltr'><strong>agnem</strong></span> <span class='ocrx_word' id='word_1_88' title='bbox 988 1083 1110 1152; x_wconf 82' lang='lat' dir='ltr'><strong>resolvi.</strong></span> <span class='ocrx_word' id='word_1_89' title='bbox 1170 1078 1277 1146; x_wconf 77' lang='lat' dir='ltr'><strong>&#39;l&#39;hnles</strong></span> 
     </span>
     <span class='ocr_line' id='line_1_13' title="bbox 115 1169 1331 1263; baseline -0.017 -16"><span class='ocrx_word' id='word_1_90' title='bbox 115 1177 317 1256; x_wconf 80' lang='lat' dir='ltr'><strong>nolllilesins‚</strong></span> <span class='ocrx_word' id='word_1_91' title='bbox 344 1174 398 1263; x_wconf 84' lang='lat' dir='ltr'><strong>qni</strong></span> <span class='ocrx_word' id='word_1_92' title='bbox 419 1171 524 1240; x_wconf 79' lang='lat' dir='ltr'><strong>omnia</strong></span> <span class='ocrx_word' id='word_1_93' title='bbox 545 1193 585 1237; x_wconf 88' lang='lat' dir='ltr'><strong>ex</strong></span> <span class='ocrx_word' id='word_1_94' title='bbox 607 1169 742 1238; x_wconf 83' lang='lat' dir='ltr'><strong>humore</strong></span> <span class='ocrx_word' id='word_1_95' title='bbox 764 1173 866 1238; x_wconf 86' lang='lat' dir='ltr'><strong>creari</strong></span> <span class='ocrx_word' id='word_1_96' title='bbox 885 1171 1071 1251; x_wconf 81' lang='lat' dir='ltr'><strong>confirmat,</strong></span> <span class='ocrx_word' id='word_1_97' title='bbox 1103 1187 1232 1255; x_wconf 87' lang='lat' dir='ltr'><strong>corpora</strong></span> <span class='ocrx_word' id='word_1_98' title='bbox 1248 1171 1279 1228; x_wconf 88' lang='lat' dir='ltr'><strong>nt</strong></span> <span class='ocrx_word' id='word_1_99' title='bbox 1329 1199 1331 1212; x_wconf 64' lang='grc' dir='ltr'>ι</span> 
     </span>
     <span class='ocr_line' id='line_1_14' title="bbox 155 1242 1279 1338; baseline -0.017 -8"><span class='ocrx_word' id='word_1_100' title='bbox 155 1265 190 1330; x_wconf 84' lang='grc' dir='ltr'><strong>ἰιι</strong></span> <span class='ocrx_word' id='word_1_101' title='bbox 215 1262 387 1328; x_wconf 55' lang='lat' dir='ltr'><strong>humorem*</strong></span> <span class='ocrx_word' id='word_1_102' title='bbox 419 1256 633 1338; x_wconf 81' lang='lat' dir='ltr'><strong>resolvantur,</strong></span> <span class='ocrx_word' id='word_1_103' title='bbox 665 1253 832 1323; x_wconf 81' lang='lat' dir='ltr'><strong>obruendo</strong></span> <span class='ocrx_word' id='word_1_104' title='bbox 869 1255 1051 1323; x_wconf 76' lang='lat' dir='ltr'><strong>contendit</strong></span> <span class='ocrx_word' id='word_1_105' title='bbox 1092 1255 1178 1321; x_wconf 83' lang='lat' dir='ltr'><strong>Sane</strong></span> <span class='ocrx_word' id='word_1_106' title='bbox 1206 1242 1279 1336; x_wconf 91' lang='lat' dir='ltr'><strong>apud</strong></span> 
     </span>
     <span class='ocr_line' id='line_1_15' title="bbox 156 1337 1280 1436; baseline -0.013 -19"><span class='ocrx_word' id='word_1_107' title='bbox 156 1349 349 1436; x_wconf 69' lang='lat' dir='ltr'><strong>antiquiores</strong></span> <span class='ocrx_word' id='word_1_108' title='bbox 380 1366 451 1411; x_wconf 88' lang='lat' dir='ltr'><strong>mos</strong></span> <span class='ocrx_word' id='word_1_109' title='bbox 489 1353 559 1410; x_wconf 88' lang='lat' dir='ltr'><strong>erat</strong></span> <span class='ocrx_word' id='word_1_110' title='bbox 582 1341 616 1408; x_wconf 89' lang='lat' dir='ltr'><strong>in</strong></span> <span class='ocrx_word' id='word_1_111' title='bbox 645 1341 798 1429; x_wconf 84' lang='lat' dir='ltr'><strong>sepulcris</strong></span> <span class='ocrx_word' id='word_1_112' title='bbox 828 1341 965 1409; x_wconf 77' lang='lat' dir='ltr'><strong>uirorum</strong></span> <span class='ocrx_word' id='word_1_113' title='bbox 995 1340 1124 1408; x_wconf 83' lang='lat' dir='ltr'><strong>fortium</strong></span> <span class='ocrx_word' id='word_1_114' title='bbox 1154 1337 1280 1426; x_wconf 71' lang='lat' dir='ltr'><strong>captiuos</strong></span> 
     </span>
     <span class='ocr_line' id='line_1_16' title="bbox 155 1423 1279 1520; baseline -0.014 -18"><span class='ocrx_word' id='word_1_115' title='bbox 155 1455 292 1515; x_wconf 86' lang='lat' dir='ltr'><strong>necare;</strong></span> <span class='ocrx_word' id='word_1_116' title='bbox 326 1427 414 1520; x_wconf 88' lang='lat' dir='ltr'><strong>qnod</strong></span> <span class='ocrx_word' id='word_1_117' title='bbox 444 1438 477 1495; x_wconf 88' lang='lat' dir='ltr'><strong>et</strong></span> <span class='ocrx_word' id='word_1_118' title='bbox 502 1451 520 1494; x_wconf 90' lang='lat' dir='ltr'><strong>a</strong></span> <span class='ocrx_word' id='word_1_119' title='bbox 545 1424 588 1494; x_wconf 91' lang='lat' dir='ltr'><strong>nd</strong></span> <span class='ocrx_word' id='word_1_120' title='bbox 619 1427 797 1494; x_wconf 81' lang='lat' dir='ltr'><strong>Homerum</strong></span> <span class='ocrx_word' id='word_1_121' title='bbox 822 1426 853 1492; x_wconf 91' lang='lat' dir='ltr'><strong>in</strong></span> <span class='ocrx_word' id='word_1_122' title='bbox 882 1426 1022 1495; x_wconf 87' lang='lat' dir='ltr'><strong>Patrocli</strong></span> <span class='ocrx_word' id='word_1_123' title='bbox 1044 1423 1191 1514; x_wconf 85' lang='lat' dir='ltr'><strong>exequiis</strong></span> <span class='ocrx_word' id='word_1_124' title='bbox 1204 1443 1279 1488; x_wconf 89' lang='lat' dir='ltr'><strong>com·</strong></span> 
     </span>
     <span class='ocr_line' id='line_1_17' title="bbox 178 1452 1281 1604; baseline -0.015 -18"><span class='ocrx_word' id='word_1_125' title='bbox 178 1521 275 1588; x_wconf 90' lang='lat' dir='ltr'><strong>letum</strong></span> <span class='ocrx_word' id='word_1_126' title='bbox 294 1516 447 1604; x_wconf 82' lang='lat' dir='ltr'><strong>legimus,</strong></span> <span class='ocrx_word' id='word_1_127' title='bbox 468 1524 502 1581; x_wconf 88' lang='lat' dir='ltr'><strong>et</strong></span> <span class='ocrx_word' id='word_1_128' title='bbox 522 1452 673 1600; x_wconf 69' lang='lat' dir='ltr'><strong>linguens</strong></span> <span class='ocrx_word' id='word_1_129' title='bbox 694 1513 726 1578; x_wconf 90' lang='lat' dir='ltr'><strong>in</strong></span> <span class='ocrx_word' id='word_1_130' title='bbox 747 1510 898 1580; x_wconf 86' lang='lat' dir='ltr'><strong>Pallantis</strong></span> <span class='ocrx_word' id='word_1_131' title='bbox 921 1514 1038 1580; x_wconf 80' lang='lat' dir='ltr'><strong>finnere</strong></span> <span class='ocrx_word' id='word_1_132' title='bbox 1053 1515 1281 1578; x_wconf 84' lang='lat' dir='ltr'><strong>commemorat</strong></span> 
     </span>
     <span class='ocr_line' id='line_1_18' title="bbox 65 1595 1280 1690; baseline -0.024 -8"><span class='ocrx_word' id='word_1_133' title='bbox 65 1651 68 1658; x_wconf 64' lang='lat'>=</span> <span class='ocrx_word' id='word_1_134' title='bbox 116 1605 195 1681; x_wconf 77' lang='lat' dir='ltr'><strong>lod</strong></span> <span class='ocrx_word' id='word_1_135' title='bbox 225 1617 333 1672; x_wconf 88' lang='lat' dir='ltr'><strong>autem</strong></span> <span class='ocrx_word' id='word_1_136' title='bbox 361 1599 416 1667; x_wconf 81' lang='lat' dir='ltr'><strong>nbi</strong></span> <span class='ocrx_word' id='word_1_137' title='bbox 445 1597 536 1666; x_wconf 91' lang='lat' dir='ltr'><strong>nimis</strong></span> <span class='ocrx_word' id='word_1_138' title='bbox 564 1595 696 1666; x_wconf 87' lang='lat' dir='ltr'><strong>crudele</strong></span> <span class='ocrx_word' id='word_1_139' title='bbox 725 1597 825 1664; x_wconf 64' lang='lat' dir='ltr'><strong>rhum</strong></span> <span class='ocrx_word' id='word_1_140' title='bbox 854 1609 919 1672; x_wconf 73' lang='lat' dir='ltr'><strong>est.</strong></span> <span class='ocrx_word' id='word_1_141' title='bbox 954 1595 1075 1690; x_wconf 86' lang='lat' dir='ltr'><strong>placuit</strong></span> <span class='ocrx_word' id='word_1_142' title='bbox 1103 1595 1280 1686; x_wconf 77' lang='lat' dir='ltr'><strong>gladiatores</strong></span> 
     </span>
     <span class='ocr_line' id='line_1_19' title="bbox 156 1681 1282 1776; baseline -0.016 -18"><span class='ocrx_word' id='word_1_143' title='bbox 156 1701 232 1758; x_wconf 87' lang='lat' dir='ltr'><strong>ante</strong></span> <span class='ocrx_word' id='word_1_144' title='bbox 259 1685 405 1776; x_wconf 85' lang='lat' dir='ltr'><strong>sepulcra</strong></span> <span class='ocrx_word' id='word_1_145' title='bbox 435 1683 605 1763; x_wconf 84' lang='lat' dir='ltr'><strong>dimicare,</strong></span> <span class='ocrx_word' id='word_1_146' title='bbox 636 1682 692 1771; x_wconf 84' lang='lat' dir='ltr'><strong>qui</strong></span> <span class='ocrx_word' id='word_1_147' title='bbox 723 1705 743 1752; x_wconf 91' lang='lat' dir='ltr'><strong>a</strong></span> <span class='ocrx_word' id='word_1_148' title='bbox 777 1683 875 1752; x_wconf 89' lang='lat' dir='ltr'><strong>bustis</strong></span> <span class='ocrx_word' id='word_1_149' title='bbox 903 1681 1084 1750; x_wconf 75' lang='lat' dir='ltr'><strong>brnstnarii</strong></span> <span class='ocrx_word' id='word_1_150' title='bbox 1112 1681 1194 1749; x_wconf 86' lang='lat' dir='ltr'><strong>dieti.</strong></span> <span class='ocrx_word' id='word_1_151' title='bbox 1211 1685 1282 1746; x_wconf 86' lang='lat' dir='ltr'><strong>snut</strong></span> 
     </span>
     <span class='ocr_line' id='line_1_20' title="bbox 130 1760 1284 1857; baseline -0.016 -12"><span class='ocrx_word' id='word_1_152' title='bbox 130 1797 133 1803; x_wconf 81' lang='grc'><strong>’</strong></span> <span class='ocrx_word' id='word_1_153' title='bbox 155 1777 230 1844; x_wconf 88' lang='lat' dir='ltr'><strong>Nec</strong></span> <span class='ocrx_word' id='word_1_154' title='bbox 249 1774 382 1851; x_wconf 85' lang='lat' dir='ltr'><strong>mirum,</strong></span> <span class='ocrx_word' id='word_1_155' title='bbox 402 1769 530 1848; x_wconf 83' lang='lat' dir='ltr'><strong>inieris,</strong></span> <span class='ocrx_word' id='word_1_156' title='bbox 551 1769 585 1837; x_wconf 90' lang='lat' dir='ltr'><strong>id</strong></span> <span class='ocrx_word' id='word_1_157' title='bbox 608 1777 658 1836; x_wconf 89' lang='lat' dir='ltr'><strong>est</strong></span> <span class='ocrx_word' id='word_1_158' title='bbox 673 1765 849 1836; x_wconf 81' lang='lat' dir='ltr'><strong>inferorum</strong></span> <span class='ocrx_word' id='word_1_159' title='bbox 868 1767 983 1847; x_wconf 86' lang='lat' dir='ltr'><strong>sacris,</strong></span> <span class='ocrx_word' id='word_1_160' title='bbox 1004 1767 1062 1857; x_wconf 89' lang='lat' dir='ltr'><strong>qni</strong></span> <span class='ocrx_word' id='word_1_161' title='bbox 1084 1769 1194 1857; x_wconf 82' lang='lat' dir='ltr'><strong>utique</strong></span> <span class='ocrx_word' id='word_1_162' title='bbox 1213 1760 1284 1830; x_wconf 84' lang='lat' dir='ltr'><strong>noxii</strong></span> 
     </span>
     <span class='ocr_line' id='line_1_21' title="bbox 155 1848 1283 1941; baseline -0.015 -13"><span class='ocrx_word' id='word_1_163' title='bbox 155 1871 247 1940; x_wconf 82' lang='lat' dir='ltr'><strong>sunt,</strong></span> <span class='ocrx_word' id='word_1_164' title='bbox 281 1854 423 1925; x_wconf 85' lang='lat' dir='ltr'><strong>crudelia</strong></span> <span class='ocrx_word' id='word_1_165' title='bbox 454 1852 606 1933; x_wconf 84' lang='lat' dir='ltr'><strong>exhiberi.</strong></span> <span class='ocrx_word' id='word_1_166' title='bbox 646 1851 732 1920; x_wconf 87' lang='lat' dir='ltr'><strong>Nam</strong></span> <span class='ocrx_word' id='word_1_167' title='bbox 760 1864 794 1921; x_wconf 90' lang='lat' dir='ltr'><strong>et</strong></span> <span class='ocrx_word' id='word_1_168' title='bbox 821 1853 973 1920; x_wconf 83' lang='lat' dir='ltr'><strong>Varronis</strong></span> <span class='ocrx_word' id='word_1_169' title='bbox 996 1853 1108 1941; x_wconf 91' lang='lat' dir='ltr'><strong>opinio</strong></span> <span class='ocrx_word' id='word_1_170' title='bbox 1133 1865 1197 1933; x_wconf 84' lang='lat' dir='ltr'><strong>est,</strong></span> <span class='ocrx_word' id='word_1_171' title='bbox 1221 1848 1283 1916; x_wconf 88' lang='lat' dir='ltr'><strong>ideo</strong></span> 
     </span>
     <span class='ocr_line' id='line_1_22' title="bbox 156 1931 1285 2026; baseline -0.014 -14"><span class='ocrx_word' id='word_1_172' title='bbox 156 1945 303 2014; x_wconf 82' lang='lat' dir='ltr'><strong>mulieres</strong></span> <span class='ocrx_word' id='word_1_173' title='bbox 321 1943 354 2009; x_wconf 91' lang='lat' dir='ltr'><strong>in</strong></span> <span class='ocrx_word' id='word_1_174' title='bbox 373 1941 485 2008; x_wconf 86' lang='lat' dir='ltr'><strong>lucere</strong></span> <span class='ocrx_word' id='word_1_175' title='bbox 505 1961 563 2009; x_wconf 86' lang='lat' dir='ltr'><strong>ore</strong></span> <span class='ocrx_word' id='word_1_176' title='bbox 590 1937 751 2018; x_wconf 77' lang='lat' dir='ltr'><strong>lacerare,</strong></span> <span class='ocrx_word' id='word_1_177' title='bbox 780 1949 817 2006; x_wconf 89' lang='lat' dir='ltr'><strong>ut</strong></span> <span class='ocrx_word' id='word_1_178' title='bbox 846 1938 957 2010; x_wconf 77' lang='lat' dir='ltr'><strong>inseris.</strong></span> <span class='ocrx_word' id='word_1_179' title='bbox 982 1951 1118 2007; x_wconf 89' lang='lat' dir='ltr'><strong>ostenso</strong></span> <span class='ocrx_word' id='word_1_180' title='bbox 1134 1931 1285 2026; x_wconf 75' lang='lat' dir='ltr'><strong>&#39;sanguine</strong></span> 
     </span>
     <span class='ocr_line' id='line_1_23' title="bbox 112 2023 1283 2116; baseline -0.015 -17"><span class='ocrx_word' id='word_1_181' title='bbox 112 2030 234 2109; x_wconf 36' lang='lat' dir='ltr'><strong>*sonans</strong></span> <span class='ocrx_word' id='word_1_182' title='bbox 250 2031 315 2096; x_wconf 89' lang='lat' dir='ltr'><strong>fiat.</strong></span> <span class='ocrx_word' id='word_1_183' title='bbox 355 2025 437 2093; x_wconf 90' lang='lat' dir='ltr'><strong>Inde</strong></span> <span class='ocrx_word' id='word_1_184' title='bbox 465 2036 499 2094; x_wconf 88' lang='lat' dir='ltr'><strong>et</strong></span> <span class='ocrx_word' id='word_1_185' title='bbox 526 2047 582 2116; x_wconf 85' lang='lat' dir='ltr'><strong>eos</strong></span> <span class='ocrx_word' id='word_1_186' title='bbox 603 2044 713 2090; x_wconf 87' lang='lat' dir='ltr'><strong>menes</strong></span> <span class='ocrx_word' id='word_1_187' title='bbox 733 2045 794 2112; x_wconf 92' lang='lat' dir='ltr'><strong>per</strong></span> <span class='ocrx_word' id='word_1_188' title='bbox 814 2023 1007 2115; x_wconf 80' lang='lat' dir='ltr'><strong>antiphrasin</strong></span> <span class='ocrx_word' id='word_1_189' title='bbox 1028 2047 1050 2092; x_wconf 90' lang='lat' dir='ltr'><strong>a</strong></span> <span class='ocrx_word' id='word_1_190' title='bbox 1072 2026 1177 2114; x_wconf 71' lang='lat' dir='ltr'><strong>poetis</strong></span> <span class='ocrx_word' id='word_1_191' title='bbox 1198 2025 1283 2090; x_wconf 89' lang='lat' dir='ltr'><strong>dictos</strong></span> 
     </span>
     <span class='ocr_line' id='line_1_24' title="bbox 158 2107 1284 2202; baseline -0.011 -20"><span class='ocrx_word' id='word_1_192' title='bbox 158 2139 230 2182; x_wconf 88' lang='lat' dir='ltr'><strong>esse</strong></span> <span class='ocrx_word' id='word_1_193' title='bbox 249 2115 403 2202; x_wconf 61' lang='lat' dir='ltr'><strong>tegimen</strong></span> <span class='ocrx_word' id='word_1_194' title='bbox 427 2133 555 2179; x_wconf 89' lang='lat' dir='ltr'><strong>manum</strong></span> <span class='ocrx_word' id='word_1_195' title='bbox 576 2109 658 2176; x_wconf 88' lang='lat' dir='ltr'><strong>enim</strong></span> <span class='ocrx_word' id='word_1_196' title='bbox 675 2109 794 2176; x_wconf 91' lang='lat' dir='ltr'><strong>bonum</strong></span> <span class='ocrx_word' id='word_1_197' title='bbox 814 2121 872 2190; x_wconf 84' lang='lat' dir='ltr'><strong>est.</strong></span> <span class='ocrx_word' id='word_1_198' title='bbox 903 2107 1006 2176; x_wconf 44' lang='lat' dir='ltr'><strong>*Unde</strong></span> <span class='ocrx_word' id='word_1_199' title='bbox 1020 2110 1120 2200; x_wconf 80' lang='lat' dir='ltr'><strong>juxta</strong></span> <span class='ocrx_word' id='word_1_200' title='bbox 1141 2109 1284 2180; x_wconf 81' lang='lat' dir='ltr'><strong>Serrium:</strong></span> 
     </span>
     <span class='ocr_line' id='line_1_25' title="bbox 157 2189 1286 2354; baseline -0.011 -87"><span class='ocrx_word' id='word_1_201' title='bbox 157 2202 286 2354; x_wconf 53' lang='grc' dir='ltr'><strong>ἕως</strong></span> <span class='ocrx_word' id='word_1_202' title='bbox 315 2197 402 2286; x_wconf 83' lang='lat' dir='ltr'><strong>qnid</strong></span> <span class='ocrx_word' id='word_1_203' title='bbox 426 2198 539 2287; x_wconf 68' lang='lat' dir='ltr'><strong>paim,</strong></span> <span class='ocrx_word' id='word_1_204' title='bbox 565 2193 684 2286; x_wconf 86' lang='lat' dir='ltr'><strong>inquit,</strong></span> <span class='ocrx_word' id='word_1_205' title='bbox 716 2194 871 2262; x_wconf 79' lang='lat' dir='ltr'><strong>melius?</strong></span> <span class='ocrx_word' id='word_1_206' title='bbox 912 2193 981 2263; x_wconf 83' lang='lat' dir='ltr'><strong>Sed</strong></span> <span class='ocrx_word' id='word_1_207' title='bbox 1001 2208 1037 2264; x_wconf 87' lang='lat' dir='ltr'><strong>et</strong></span> <span class='ocrx_word' id='word_1_208' title='bbox 1057 2197 1206 2267; x_wconf 86' lang='lat' dir='ltr'><strong>immanis</strong></span> <span class='ocrx_word' id='word_1_209' title='bbox 1224 2189 1286 2260; x_wconf 87' lang='lat' dir='ltr'><strong>inde</strong></span> 
     </span>
     <span class='ocr_line' id='line_1_26' title="bbox 180 2287 356 2356; baseline -0.017 -3"><span class='ocrx_word' id='word_1_210' title='bbox 180 2287 278 2356; x_wconf 85' lang='lat' dir='ltr'><strong>&#39;otum</strong></span> <span class='ocrx_word' id='word_1_211' title='bbox 298 2293 356 2352; x_wconf 81' lang='lat' dir='ltr'><strong>est</strong></span> 
     </span>
     <span class='ocr_line' id='line_1_27' title="bbox 241 2355 1287 2457; baseline -0.011 -21"><span class='ocrx_word' id='word_1_212' title='bbox 241 2369 294 2437; x_wconf 82' lang='lat'><strong>30.</strong></span> <span class='ocrx_word' id='word_1_213' title='bbox 337 2365 431 2457; x_wconf 76' lang='lat' dir='ltr'><strong>lltrpni</strong></span> <span class='ocrx_word' id='word_1_214' title='bbox 460 2363 504 2433; x_wconf 81' lang='lat' dir='ltr'><strong>&#39;de</strong></span> <span class='ocrx_word' id='word_1_215' title='bbox 536 2361 679 2432; x_wconf 84' lang='lat' dir='ltr'><strong>manibus</strong></span> <span class='ocrx_word' id='word_1_216' title='bbox 713 2359 808 2450; x_wconf 83' lang='lat' dir='ltr'><strong>quid,</strong></span> <span class='ocrx_word' id='word_1_217' title='bbox 841 2361 889 2430; x_wconf 83' lang='lat' dir='ltr'><strong>vel</strong></span> <span class='ocrx_word' id='word_1_218' title='bbox 916 2355 1101 2452; x_wconf 79' lang='lat' dir='ltr'><strong>quomodo,</strong></span> <span class='ocrx_word' id='word_1_219' title='bbox 1137 2365 1186 2435; x_wconf 78' lang='lat' dir='ltr'><strong>rel</strong></span> <span class='ocrx_word' id='word_1_220' title='bbox 1207 2361 1287 2438; x_wconf 84' lang='lat' dir='ltr'><strong>unde,</strong></span> 
     </span>
     <span class='ocr_line' id='line_1_28' title="bbox 117 2447 1287 2540; baseline -0.011 -14"><span class='ocrx_word' id='word_1_221' title='bbox 117 2456 207 2532; x_wconf 77' lang='lat' dir='ltr'><strong>aurel</strong></span> <span class='ocrx_word' id='word_1_222' title='bbox 225 2453 370 2534; x_wconf 76' lang='lat' dir='ltr'><strong>ubi‚.rcl</strong></span> <span class='ocrx_word' id='word_1_223' title='bbox 389 2451 491 2522; x_wconf 87' lang='lat' dir='ltr'><strong>sicubi</strong></span> <span class='ocrx_word' id='word_1_224' title='bbox 512 2450 592 2530; x_wconf 82' lang='lat' dir='ltr'><strong>sint,</strong></span> <span class='ocrx_word' id='word_1_225' title='bbox 616 2449 722 2518; x_wconf 80' lang='lat' dir='ltr'><strong>variae</strong></span> <span class='ocrx_word' id='word_1_226' title='bbox 741 2447 869 2516; x_wconf 82' lang='lat' dir='ltr'><strong>habites</strong></span> <span class='ocrx_word' id='word_1_227' title='bbox 890 2463 964 2518; x_wconf 89' lang='lat' dir='ltr'><strong>sunt</strong></span> <span class='ocrx_word' id='word_1_228' title='bbox 983 2452 1171 2540; x_wconf 84' lang='lat' dir='ltr'><strong>opiniones,</strong></span> <span class='ocrx_word' id='word_1_229' title='bbox 1192 2463 1224 2519; x_wconf 90' lang='lat' dir='ltr'><strong>et</strong></span> <span class='ocrx_word' id='word_1_230' title='bbox 1242 2469 1287 2540; x_wconf 87' lang='lat' dir='ltr'><strong>op·</strong></span> 
     </span>
     <span class='ocr_line' id='line_1_29' title="bbox 48 2532 1290 2637; baseline -0.006 -27"><span class='ocrx_word' id='word_1_231' title='bbox 48 2623 51 2637; x_wconf 37' lang='grc' dir='ltr'>Ι</span> <span class='ocrx_word' id='word_1_232' title='bbox 157 2541 368 2633; x_wconf 76' lang='lat' dir='ltr'><strong>peritissimae</strong></span> <span class='ocrx_word' id='word_1_233' title='bbox 388 2537 589 2626; x_wconf 86' lang='lat' dir='ltr'><strong>reperiuntur</strong></span> <span class='ocrx_word' id='word_1_234' title='bbox 608 2532 813 2616; x_wconf 85' lang='lat' dir='ltr'><strong>traditiones;</strong></span> <span class='ocrx_word' id='word_1_235' title='bbox 848 2552 927 2624; x_wconf 87' lang='lat' dir='ltr'><strong>quas</strong></span> <span class='ocrx_word' id='word_1_236' title='bbox 956 2538 1031 2625; x_wconf 86' lang='lat' dir='ltr'><strong>qnia</strong></span> <span class='ocrx_word' id='word_1_237' title='bbox 1064 2563 1182 2606; x_wconf 89' lang='lat' dir='ltr'><strong>omnes</strong></span> <span class='ocrx_word' id='word_1_238' title='bbox 1202 2540 1290 2604; x_wconf 86' lang='lat' dir='ltr'><strong>incer·</strong></span> 
     </span>
     <span class='ocr_line' id='line_1_30' title="bbox 157 2618 1289 2710; baseline -0.012 -14"><span class='ocrx_word' id='word_1_239' title='bbox 157 2627 298 2696; x_wconf 79' lang='lat' dir='ltr'><strong>titudinis</strong></span> <span class='ocrx_word' id='word_1_240' title='bbox 318 2623 402 2692; x_wconf 89' lang='lat' dir='ltr'><strong>sensi</strong></span> <span class='ocrx_word' id='word_1_241' title='bbox 424 2622 635 2710; x_wconf 78' lang='lat' dir='ltr'><strong>plenissimas,</strong></span> <span class='ocrx_word' id='word_1_242' title='bbox 665 2618 780 2687; x_wconf 84' lang='lat' dir='ltr'><strong>nullum</strong></span> <span class='ocrx_word' id='word_1_243' title='bbox 802 2641 862 2708; x_wconf 91' lang='lat' dir='ltr'><strong>pro</strong></span> <span class='ocrx_word' id='word_1_244' title='bbox 884 2635 972 2690; x_wconf 86' lang='lat' dir='ltr'><strong>certa</strong></span> <span class='ocrx_word' id='word_1_245' title='bbox 996 2623 1207 2692; x_wconf 86' lang='lat' dir='ltr'><strong>asserendam</strong></span> <span class='ocrx_word' id='word_1_246' title='bbox 1229 2641 1289 2688; x_wconf 87' lang='lat' dir='ltr'><strong>cen-</strong></span> 
     </span>
     <span class='ocr_line' id='line_1_31' title="bbox 159 2706 1292 2796; baseline -0.01 -15"><span class='ocrx_word' id='word_1_247' title='bbox 159 2737 250 2793; x_wconf 83' lang='lat' dir='ltr'><strong>sens,</strong></span> <span class='ocrx_word' id='word_1_248' title='bbox 282 2709 324 2781; x_wconf 80' lang='lat' dir='ltr'><strong>ad</strong></span> <span class='ocrx_word' id='word_1_249' title='bbox 352 2706 534 2796; x_wconf 74' lang='lat' dir='ltr'><strong>vulgatiora</strong></span> <span class='ocrx_word' id='word_1_250' title='bbox 559 2727 703 2772; x_wconf 89' lang='lat' dir='ltr'><strong>recurro.</strong></span> <span class='ocrx_word' id='word_1_251' title='bbox 744 2707 792 2772; x_wconf 79' lang='lat' dir='ltr'><strong>Ac</strong></span> <span class='ocrx_word' id='word_1_252' title='bbox 816 2707 952 2793; x_wconf 84' lang='lat' dir='ltr'><strong>primum</strong></span> <span class='ocrx_word' id='word_1_253' title='bbox 974 2709 1116 2794; x_wconf 85' lang='lat' dir='ltr'><strong>quiade</strong></span> <span class='ocrx_word' id='word_1_254' title='bbox 1139 2709 1292 2778; x_wconf 77' lang='lat' dir='ltr'><strong>funeribus</strong></span> 
     </span>
     <span class='ocr_line' id='line_1_32' title="bbox 160 2791 1292 2894; baseline -0.011 -28"><span class='ocrx_word' id='word_1_255' title='bbox 160 2801 315 2887; x_wconf 72' lang='lat' dir='ltr'><strong>egimus‚-</strong></span> <span class='ocrx_word' id='word_1_256' title='bbox 332 2817 374 2862; x_wconf 90' lang='lat' dir='ltr'><strong>ne</strong></span> <span class='ocrx_word' id='word_1_257' title='bbox 394 2793 572 2873; x_wconf 85' lang='lat' dir='ltr'><strong>nominum,</strong></span> <span class='ocrx_word' id='word_1_258' title='bbox 601 2812 748 2894; x_wconf 84' lang='lat' dir='ltr'><strong>quorum·</strong></span> <span class='ocrx_word' id='word_1_259' title='bbox 761 2791 864 2859; x_wconf 85' lang='lat' dir='ltr'><strong>abusu</strong></span> <span class='ocrx_word' id='word_1_260' title='bbox 886 2793 1114 2862; x_wconf 78' lang='lat' dir='ltr'><strong>confundimur</strong></span> <span class='ocrx_word' id='word_1_261' title='bbox 1135 2797 1292 2884; x_wconf 77' lang='lat' dir='ltr'><strong>ignorare·</strong></span> 
     </span>
     <span class='ocr_line' id='line_1_33' title="bbox 118 2877 1295 2982; baseline -0.012 -28"><span class='ocrx_word' id='word_1_262' title='bbox 118 2887 204 2954; x_wconf 78' lang='lat' dir='ltr'><strong>toris</strong></span> <span class='ocrx_word' id='word_1_263' title='bbox 228 2882 473 2973; x_wconf 82' lang='lat' dir='ltr'><strong>proprietatem,</strong></span> <span class='ocrx_word' id='word_1_264' title='bbox 498 2878 594 2945; x_wconf 82' lang='lat' dir='ltr'><strong>funus</strong></span> <span class='ocrx_word' id='word_1_265' title='bbox 609 2889 703 2969; x_wconf 79' lang='lat' dir='ltr'><strong>Juxta</strong></span> <span class='ocrx_word' id='word_1_266' title='bbox 727 2877 872 2946; x_wconf 84' lang='lat' dir='ltr'><strong>Serrium</strong></span> <span class='ocrx_word' id='word_1_267' title='bbox 894 2879 1021 2982; x_wconf 84' lang='lat' dir='ltr'><strong>proprie</strong></span> <span class='ocrx_word' id='word_1_268' title='bbox 1035 2882 1172 2974; x_wconf 88' lang='lat' dir='ltr'><strong>estjam</strong></span> <span class='ocrx_word' id='word_1_269' title='bbox 1191 2879 1295 2948; x_wconf 88' lang='lat' dir='ltr'><strong>ardens</strong></span> 
     </span>
     <span class='ocr_line' id='line_1_34' title="bbox 161 2963 1294 3055; baseline -0.007 -15"><span class='ocrx_word' id='word_1_270' title='bbox 161 2969 316 3049; x_wconf 63' lang='lat' dir='ltr'><strong>caderem</strong></span> <span class='ocrx_word' id='word_1_271' title='bbox 348 2964 452 3055; x_wconf 77' lang='lat' dir='ltr'><strong>quod]</strong></span> <span class='ocrx_word' id='word_1_272' title='bbox 463 2963 539 3034; x_wconf 85' lang='lat' dir='ltr'><strong>dnm</strong></span> <span class='ocrx_word' id='word_1_273' title='bbox 569 2974 730 3051; x_wconf 81' lang='lat' dir='ltr'><strong>portatur,</strong></span> <span class='ocrx_word' id='word_1_274' title='bbox 760 2965 909 3052; x_wconf 85' lang='lat' dir='ltr'><strong>exequias</strong></span> <span class='ocrx_word' id='word_1_275' title='bbox 934 2963 1084 3048; x_wconf 72' lang='lat' dir='ltr'><strong>dicimus3</strong></span> <span class='ocrx_word' id='word_1_276' title='bbox 1115 2979 1294 3037; x_wconf 69' lang='lat' dir='ltr'><strong>crematum,</strong></span> 
     </span>
     <span class='ocr_line' id='line_1_35' title="bbox 158 3046 1297 3159; baseline -0.011 -33"><span class='ocrx_word' id='word_1_277' title='bbox 158 3047 324 3159; x_wconf 61' lang='lat' dir='ltr'><strong>reliquiasss</strong></span> <span class='ocrx_word' id='word_1_278' title='bbox 356 3049 519 3120; x_wconf 86' lang='lat' dir='ltr'><strong>conditum</strong></span> <span class='ocrx_word' id='word_1_279' title='bbox 543 3048 629 3136; x_wconf 83' lang='lat' dir='ltr'><strong>jam,</strong></span> <span class='ocrx_word' id='word_1_280' title='bbox 644 3046 827 3136; x_wconf 74' lang='lat' dir='ltr'><strong>‚sepultum</strong></span> <span class='ocrx_word' id='word_1_281' title='bbox 867 3049 1017 3129; x_wconf 80' lang='lat' dir='ltr'><strong>Plutoni,</strong></span> <span class='ocrx_word' id='word_1_282' title='bbox 1042 3053 1136 3121; x_wconf 77' lang='lat' dir='ltr'><strong>‚sicut</strong></span> <span class='ocrx_word' id='word_1_283' title='bbox 1160 3055 1228 3122; x_wconf 86' lang='lat' dir='ltr'><strong>aliis</strong></span> <span class='ocrx_word' id='word_1_284' title='bbox 1247 3069 1297 3114; x_wconf 91' lang='lat' dir='ltr'><strong>nu·</strong></span> 
     </span>
     <span class='ocr_line' id='line_1_36' title="bbox 159 3135 1297 3226; baseline -0.01 -16"><span class='ocrx_word' id='word_1_285' title='bbox 159 3142 313 3219; x_wconf 75' lang='lat' dir='ltr'><strong>minium,</strong></span> <span class='ocrx_word' id='word_1_286' title='bbox 342 3137 448 3226; x_wconf 87' lang='lat' dir='ltr'><strong>capite</strong></span> <span class='ocrx_word' id='word_1_287' title='bbox 473 3137 577 3204; x_wconf 83' lang='lat' dir='ltr'><strong>veluto</strong></span> <span class='ocrx_word' id='word_1_288' title='bbox 598 3135 847 3202; x_wconf 73' lang='lat' dir='ltr'><strong>saculicabntur.</strong></span> <span class='ocrx_word' id='word_1_289' title='bbox 888 3136 985 3209; x_wconf 79' lang='lat' dir='ltr'><strong>Quod</strong></span> <span class='ocrx_word' id='word_1_290' title='bbox 1005 3136 1080 3203; x_wconf 91' lang='lat' dir='ltr'><strong>ideo</strong></span> <span class='ocrx_word' id='word_1_291' title='bbox 1103 3140 1139 3205; x_wconf 88' lang='lat' dir='ltr'><strong>in</strong></span> <span class='ocrx_word' id='word_1_292' title='bbox 1155 3139 1297 3214; x_wconf 72' lang='lat' dir='ltr'><strong>‚omnious</strong></span> 
     </span>
     <span class='ocr_line' id='line_1_37' title="bbox 161 3219 1298 3314; baseline -0.004 -20"><span class='ocrx_word' id='word_1_293' title='bbox 161 3227 260 3294; x_wconf 73' lang='lat' dir='ltr'><strong>secde</strong></span> <span class='ocrx_word' id='word_1_294' title='bbox 289 3226 491 3294; x_wconf 79' lang='lat' dir='ltr'><strong>observatum</strong></span> <span class='ocrx_word' id='word_1_295' title='bbox 523 3231 589 3300; x_wconf 80' lang='lat' dir='ltr'><strong>est,</strong></span> <span class='ocrx_word' id='word_1_296' title='bbox 626 3243 669 3286; x_wconf 88' lang='lat' dir='ltr'><strong>ne</strong></span> <span class='ocrx_word' id='word_1_297' title='bbox 697 3233 747 3306; x_wconf 28' lang='lat' dir='ltr'><strong>se·</strong></span> <span class='ocrx_word' id='word_1_298' title='bbox 763 3220 846 3288; x_wconf 89' lang='lat' dir='ltr'><strong>inter</strong></span> <span class='ocrx_word' id='word_1_299' title='bbox 872 3219 1058 3308; x_wconf 80' lang='lat' dir='ltr'><strong>religionem</strong></span> <span class='ocrx_word' id='word_1_300' title='bbox 1080 3224 1207 3314; x_wconf 82' lang='lat' dir='ltr'><strong>aliquid</strong></span> <span class='ocrx_word' id='word_1_301' title='bbox 1221 3220 1298 3309; x_wconf 71' lang='lat' dir='ltr'><strong>vagis</strong></span> 
     </span>
     <span class='ocr_line' id='line_1_38' title="bbox 120 3306 1301 3394; baseline -0.005 -14"><span class='ocrx_word' id='word_1_302' title='bbox 120 3313 295 3380; x_wconf 78' lang='lat' dir='ltr'><strong>tnofferret</strong></span> <span class='ocrx_word' id='word_1_303' title='bbox 314 3308 498 3388; x_wconf 84' lang='lat' dir='ltr'><strong>obtutibus,</strong></span> <span class='ocrx_word' id='word_1_304' title='bbox 520 3306 662 3394; x_wconf 79' lang='lat' dir='ltr'><strong>exceptis</strong></span> <span class='ocrx_word' id='word_1_305' title='bbox 690 3316 797 3373; x_wconf 88' lang='lat' dir='ltr'><strong>tnmen</strong></span> <span class='ocrx_word' id='word_1_306' title='bbox 823 3306 1063 3390; x_wconf 81' lang='lat' dir='ltr'><strong>Saturnalibus,</strong></span> <span class='ocrx_word' id='word_1_307' title='bbox 1098 3331 1146 3382; x_wconf 86' lang='lat' dir='ltr'><strong>ne</strong></span> <span class='ocrx_word' id='word_1_308' title='bbox 1178 3307 1301 3384; x_wconf 85' lang='lat' dir='ltr'><strong>numinis</strong></span> 
     </span>
     <span class='ocr_line' id='line_1_39' title="bbox 100 3390 1148 3467; baseline -0.003 1"><span class='ocrx_word' id='word_1_309' title='bbox 100 3420 102 3424; x_wconf 84' lang='lat'>·</span> <span class='ocrx_word' id='word_1_310' title='bbox 143 3396 295 3467; x_wconf 66' lang='lat' dir='ltr'><strong>‘imitatio</strong></span> <span class='ocrx_word' id='word_1_311' title='bbox 316 3395 484 3466; x_wconf 81' lang='lat' dir='ltr'><strong>rideretur.</strong></span> <span class='ocrx_word' id='word_1_312' title='bbox 524 3392 613 3458; x_wconf 89' lang='lat' dir='ltr'><strong>Hinc</strong></span> <span class='ocrx_word' id='word_1_313' title='bbox 631 3392 664 3457; x_wconf 90' lang='lat' dir='ltr'><strong>in</strong></span> <span class='ocrx_word' id='word_1_314' title='bbox 685 3390 778 3460; x_wconf 88' lang='lat' dir='ltr'><strong>tortio</strong></span> <span class='ocrx_word' id='word_1_315' title='bbox 799 3390 958 3460; x_wconf 78' lang='lat' dir='ltr'><strong>Aeneidos</strong></span> <span class='ocrx_word' id='word_1_316' title='bbox 982 3394 1148 3464; x_wconf 89' lang='lat' dir='ltr'><strong>Helenus:</strong></span> 
     </span>
     <span class='ocr_line' id='line_1_40' title="bbox 170 3475 1180 3579; baseline -0.015 -29"><span class='ocrx_word' id='word_1_317' title='bbox 170 3501 176 3510; x_wconf 89' lang='lat'>&#39;</span> <span class='ocrx_word' id='word_1_318' title='bbox 250 3480 310 3550; x_wconf 87' lang='lat' dir='ltr'><strong>Ne</strong></span> <span class='ocrx_word' id='word_1_319' title='bbox 334 3478 519 3579; x_wconf 56' lang='lat' dir='ltr'><strong>quainter</strong></span> <span class='ocrx_word' id='word_1_320' title='bbox 538 3485 675 3542; x_wconf 81' lang='lat' dir='ltr'><strong>sanctos</strong></span> <span class='ocrx_word' id='word_1_321' title='bbox 697 3475 799 3562; x_wconf 80' lang='lat' dir='ltr'><strong>igneo</strong></span> <span class='ocrx_word' id='word_1_322' title='bbox 822 3475 860 3540; x_wconf 82' lang='lat' dir='ltr'><strong>in</strong></span> <span class='ocrx_word' id='word_1_323' title='bbox 882 3475 1007 3544; x_wconf 77' lang='lat' dir='ltr'><strong>honore</strong></span> <span class='ocrx_word' id='word_1_324' title='bbox 1027 3479 1180 3548; x_wconf 73' lang='lat' dir='ltr'><strong>deorum</strong></span> 
     </span>
     <span class='ocr_line' id='line_1_41' title="bbox 246 3559 1062 3650; baseline -0.009 -20"><span class='ocrx_word' id='word_1_325' title='bbox 246 3565 401 3635; x_wconf 77' lang='lat' dir='ltr'><strong>Hoatnlia</strong></span> <span class='ocrx_word' id='word_1_326' title='bbox 418 3560 534 3650; x_wconf 75' lang='lat' dir='ltr'><strong>scoies</strong></span> <span class='ocrx_word' id='word_1_327' title='bbox 554 3569 717 3644; x_wconf 78' lang='lat' dir='ltr'><strong>occurret</strong></span> <span class='ocrx_word' id='word_1_328' title='bbox 738 3567 773 3622; x_wconf 86' lang='lat' dir='ltr'><strong>et</strong></span> <span class='ocrx_word' id='word_1_329' title='bbox 794 3559 913 3630; x_wconf 79' lang='lat' dir='ltr'><strong>omnic</strong></span> <span class='ocrx_word' id='word_1_330' title='bbox 935 3561 1062 3632; x_wconf 78' lang='lat' dir='ltr'><strong>turbet.</strong></span> 
     </span>
     <span class='ocr_line' id='line_1_42' title="bbox 163 3642 1307 3741; baseline -0.009 -19"><span class='ocrx_word' id='word_1_331' title='bbox 163 3649 358 3741; x_wconf 83' lang='lat' dir='ltr'><strong>interrumpi</strong></span> <span class='ocrx_word' id='word_1_332' title='bbox 390 3647 473 3716; x_wconf 84' lang='lat' dir='ltr'><strong>enim</strong></span> <span class='ocrx_word' id='word_1_333' title='bbox 506 3666 620 3724; x_wconf 84' lang='lat' dir='ltr'><strong>sacra,</strong></span> <span class='ocrx_word' id='word_1_334' title='bbox 654 3642 816 3732; x_wconf 87' lang='lat' dir='ltr'><strong>piaculum</strong></span> <span class='ocrx_word' id='word_1_335' title='bbox 842 3656 921 3712; x_wconf 86' lang='lat' dir='ltr'><strong>erat.</strong></span> <span class='ocrx_word' id='word_1_336' title='bbox 964 3645 1060 3716; x_wconf 91' lang='lat' dir='ltr'><strong>Unde</strong></span> <span class='ocrx_word' id='word_1_337' title='bbox 1088 3649 1254 3740; x_wconf 74' lang='lat' dir='ltr'><strong>Virgilius</strong></span> <span class='ocrx_word' id='word_1_338' title='bbox 1278 3645 1307 3712; x_wconf 88' lang='lat' dir='ltr'><strong>in</strong></span> 
     </span>
     <span class='ocr_line' id='line_1_43' title="bbox 122 3729 1308 3884; baseline -0.008 -75"><span class='ocrx_word' id='word_1_339' title='bbox 122 3753 293 3808; x_wconf 69' lang='lat' dir='ltr'><strong>tonomvo:</strong></span> <span class='ocrx_word' id='word_1_340' title='bbox 329 3731 463 3834; x_wconf 61' lang='lat' dir='ltr'><strong>Auden·</strong></span> <span class='ocrx_word' id='word_1_341' title='bbox 492 3753 575 3884; x_wconf 50' lang='lat' dir='ltr'><strong>llll„</strong></span> <span class='ocrx_word' id='word_1_342' title='bbox 603 3751 764 3818; x_wconf 80' lang='lat' dir='ltr'><strong>rumpere</strong></span> <span class='ocrx_word' id='word_1_343' title='bbox 786 3729 914 3832; x_wconf 62' lang='grc' dir='ltr'><strong><em>ζ’ρὶἰαε</em></strong></span> <span class='ocrx_word' id='word_1_344' title='bbox 933 3753 1036 3798; x_wconf 79' lang='lat' dir='ltr'><strong>encre</strong></span> <span class='ocrx_word' id='word_1_345' title='bbox 1056 3744 1171 3816; x_wconf 73' lang='lat' dir='ltr'><strong>cetat.</strong></span> <span class='ocrx_word' id='word_1_346' title='bbox 1218 3733 1308 3804; x_wconf 89' lang='lat' dir='ltr'><strong>Deni-</strong></span> 
     </span>
     <span class='ocr_line' id='line_1_44' title="bbox 143 3812 1341 3993; baseline -0.007 -16"><span class='ocrx_word' id='word_1_347' title='bbox 143 3812 1312 3993; x_wconf 39' lang='lat' dir='ltr'><strong>1unulnultusultusturtunensis</strong></span> <span class='ocrx_word' id='word_1_348' title='bbox 1340 3969 1341 3992; x_wconf 18' lang='grc' dir='ltr'><strong><em>Ν</em></strong></span> 
     </span>
    </p>
   </div>
   <div class='ocr_carea' id='block_1_4' title="bbox 123 3985 1341 4346">
    <p class='ocr_par' dir='ltr' id='par_1_4' title="bbox 123 3985 1341 4346">
     <span class='ocr_line' id='line_1_45' title="bbox 165 3985 1313 4082; baseline -0.011 -18"><span class='ocrx_word' id='word_1_349' title='bbox 165 4009 271 4076; x_wconf 85' lang='lat' dir='ltr'><strong>retur,</strong></span> <span class='ocrx_word' id='word_1_350' title='bbox 294 4011 424 4058; x_wconf 89' lang='lat' dir='ltr'><strong>omnes</strong></span> <span class='ocrx_word' id='word_1_351' title='bbox 462 3986 561 4074; x_wconf 87' lang='lat' dir='ltr'><strong>raptis</strong></span> <span class='ocrx_word' id='word_1_352' title='bbox 604 3985 699 4054; x_wconf 84' lang='lat' dir='ltr'><strong>ermis</strong></span> <span class='ocrx_word' id='word_1_353' title='bbox 739 4000 958 4056; x_wconf 84' lang='lat' dir='ltr'><strong>occurrerunt</strong></span> <span class='ocrx_word' id='word_1_354' title='bbox 1017 3990 1159 4060; x_wconf 80' lang='lat' dir='ltr'><strong>Reversi</strong></span> <span class='ocrx_word' id='word_1_355' title='bbox 1201 4005 1313 4082; x_wconf 86' lang='lat' dir='ltr'><strong>postea</strong></span> 
     </span>
     <span class='ocr_line' id='line_1_46' title="bbox 164 4071 1316 4172; baseline -0.003 -29"><span class='ocrx_word' id='word_1_356' title='bbox 164 4105 263 4172; x_wconf 72' lang='lat' dir='ltr'><strong>quum</strong></span> <span class='ocrx_word' id='word_1_357' title='bbox 281 4075 448 4168; x_wconf 85' lang='lat' dir='ltr'><strong>piaculum</strong></span> <span class='ocrx_word' id='word_1_358' title='bbox 462 4071 680 4154; x_wconf 74' lang='lat' dir='ltr'><strong>formidarent,</strong></span> <span class='ocrx_word' id='word_1_359' title='bbox 706 4093 816 4148; x_wconf 81' lang='lat' dir='ltr'><strong>senem</strong></span> <span class='ocrx_word' id='word_1_360' title='bbox 835 4071 996 4158; x_wconf 80' lang='lat' dir='ltr'><strong>quendam</strong></span> <span class='ocrx_word' id='word_1_361' title='bbox 1016 4075 1049 4140; x_wconf 89' lang='lat' dir='ltr'><strong>in</strong></span> <span class='ocrx_word' id='word_1_362' title='bbox 1065 4073 1173 4170; x_wconf 56' lang='lat' dir='ltr'><strong>(linco</strong></span> <span class='ocrx_word' id='word_1_363' title='bbox 1198 4079 1316 4146; x_wconf 85' lang='lat' dir='ltr'><strong>saltan-</strong></span> 
     </span>
     <span class='ocr_line' id='line_1_47' title="bbox 123 4157 1341 4259; baseline -0.014 -23"><span class='ocrx_word' id='word_1_364' title='bbox 123 4178 230 4240; x_wconf 77' lang='lat' dir='ltr'><strong>estem</strong></span> <span class='ocrx_word' id='word_1_365' title='bbox 245 4167 441 4232; x_wconf 82' lang='lat' dir='ltr'><strong>invenerunt</strong></span> <span class='ocrx_word' id='word_1_366' title='bbox 475 4157 537 4236; x_wconf 81' lang='lat' dir='ltr'><strong>Qui</strong></span> <span class='ocrx_word' id='word_1_367' title='bbox 558 4177 656 4259; x_wconf 78' lang='lat' dir='ltr'><strong>quum</strong></span> <span class='ocrx_word' id='word_1_368' title='bbox 675 4157 902 4246; x_wconf 81' lang='lat' dir='ltr'><strong>interrogatus,</strong></span> <span class='ocrx_word' id='word_1_369' title='bbox 923 4181 960 4224; x_wconf 80' lang='lat' dir='ltr'><strong>se</strong></span> <span class='ocrx_word' id='word_1_370' title='bbox 980 4182 1047 4224; x_wconf 82' lang='lat' dir='ltr'><strong>non</strong></span> <span class='ocrx_word' id='word_1_371' title='bbox 1073 4160 1316 4254; x_wconf 77' lang='lat' dir='ltr'><strong>interrupisse</strong></span> <span class='ocrx_word' id='word_1_372' title='bbox 1340 4207 1341 4220; x_wconf 69' lang='grc'>,</span> 
     </span>
     <span class='ocr_line' id='line_1_48' title="bbox 165 4235 1341 4346; baseline -0.003 -29"><span class='ocrx_word' id='word_1_373' title='bbox 165 4247 389 4346; x_wconf 68' lang='lat' dir='ltr'><strong>undationem</strong></span> <span class='ocrx_word' id='word_1_374' title='bbox 433 4241 665 4336; x_wconf 74' lang='lat' dir='ltr'><strong>respondisset,</strong></span> <span class='ocrx_word' id='word_1_375' title='bbox 723 4241 788 4312; x_wconf 85' lang='lat' dir='ltr'><strong>hoc</strong></span> <span class='ocrx_word' id='word_1_376' title='bbox 831 4240 1032 4331; x_wconf 77' lang='lat' dir='ltr'><strong>proverbium</strong></span> <span class='ocrx_word' id='word_1_377' title='bbox 1072 4243 1206 4324; x_wconf 82' lang='lat' dir='ltr'><strong>dictum</strong></span> <span class='ocrx_word' id='word_1_378' title='bbox 1255 4235 1341 4322; x_wconf 58' lang='grc' dir='ltr'><strong>θεῖς’</strong></span> 
     </span>
    </p>
   </div>
   <div class='ocr_carea' id='block_1_5' title="bbox 0 0 1387 4804">
    <p class='ocr_par' dir='ltr' id='par_1_5' title="bbox 0 0 1387 4804">
     <span class='ocr_line' id='line_1_49' title="bbox 0 0 1387 4804; baseline 0 0"><span class='ocrx_word' id='word_1_379' title='bbox 0 0 1387 4804; x_wconf 95' lang='lat' dir='ltr'><strong> </strong></span> 
     </span>
    </p>
   </div>
  </div>
 </body>
</html>
