2726 4808
140 213 293 336 ‘lictae
319 251 533 336 Critioac'in
558 261 669 362 myth.
698 261 731 356 1,
761 228 1035 338 itu-tutu
1098 235 1173 364 '⁴61
1222 309 1225 323 .
1279 239 1281 244 Ι

34 449 96 502 ideo
115 421 162 515 (io
177 453 219 498 est
237 443 274 514 C)
293 447 384 497 cutem
403 434 493 497 diocto
510 441 584 496 consi
607 428 752 496 simulacro
777 456 926 515 rapuerunt
951 445 1061 522 sobinoe
1085 430 1176 518 (soii-

34 538 89 576 nas
104 520 159 587 C),
178 527 210 570 ut
227 525 365 587 tegeretur
381 516 480 567 initum
499 514 610 582 (initum
627 531 678 571 om.
695 515 743 583 D.)
773 515 804 566 de
827 527 909 586 raptu
938 518 1031 588 (raptu
1048 519 1087 588 D)
1112 539 1174 572 con·
1245 548 1248 556 .

34 579 139 644 iilium.
154 617 192 630 -
226 587 360 656 Neptuni)
379 589 521 656 Neptunus
539 588 579 650 1);
606 595 633 638 et
652 587 797 664 Neptunus
818 587 852 643 C.
870 617 906 630 -·-
923 595 958 643 25
985 585 1082 643 ‘circum
1107 594 1174 642 cote..

34 661 172 717 trabatur
190 659 228 726 0,
256 659 302 726 qui
319 658 412 712 deinde
429 675 488 712 cnm
505 660 530 710 D
548 660 623 726 plura
639 658 672 710 ad
695 659 773 726 .Virg.
799 662 942 728 spectantia
968 661 1069 716 intexit.
1087 690 1123 707 -
1138 667 1174 718 26
1210 695 1222 730 s
1289 663 1293 671 “

34 733 79 787 vel
97 731 185 807 quod)
204 729 248 784 rel
263 746 318 784 om.
335 729 367 782 C·
383 757 418 798 ·.·
436 720 480 785 Dis
491 730 596 798 nutem)
614 745 665 782 om.
684 729 707 781 C
725 730 759 784 D.
774 755 810 772 ·-·

163 853 234 920 192.
286 831 496 920 Hercules
524 861 565 919 et
595 847 897 941 olympiadum*
917 821 1057 922 ludus..

48 1011 52 1016 ,
108 956 186 1011 Haeo
203 957 291 1010 fabula
308 959 476 1025 grammatico
503 959 605 1012 cuidam
631 959 719 1032 nescio
745 957 858 1011 661666
882 959 1041 1026 antiquitatis
1067 978 1173 1031 prorsus

34 1027 96 1084 rudi
116 1031 234 1084 debetur.
250 1057 285 1070 ·-
302 1034 339 1082 30
356 1048 437 1099 super
453 1029 559 1100 equos.)
595 1030 671 1083 Nova
687 1030 784 1082 dictum
803 1045 850 1098 pro
866 1028 943 1100 equis
958 1033 1029 1100 necti
1044 1035 1086 1086 vel
1098 1053 1172 1106 pug-
1226 1045 1229 1052 “

35 1109 174 1154 nonerunt
193 1133 225 1153 ..
241 1117 277 1150 ex
300 1100 385 1172 equis.
407 1127 443 1140 ·-
465 1106 499 1154 31
528 1119 547 1152 α
566 1095 661 1172 longe)
687 1101 806 1162 Barbare¹
828 1101 925 1152 dictum
949 1116 997 1168 pro
1027 1119 1042 1152 e
1067 1104 1172 1174 longin-

36 1191 101 1296 ἵκω.
118 1198 155 1212 ·-
172 1175 208 1224 34
235 1169 361 1240 solempni
384 1172 472 1238 Mcjus
497 1199 531 1212 -
559 1177 595 1226 36
620 1169 671 1224 sub
696 1189 749 1222 uno
777 1169 881 1239 annet.)
917 1162 957 1224 Dd
980 1171 1030 1226 hoc
1053 1175 1174 1230 Herculis

46 1245 144 1308 abore,
167 1243 212 1309 qui
229 1245 394 1296 sanenullus
417 1249 471 1309 ast,
499 1244 552 1296 vid.
576 1260 635 1313 sup.
653 1245 696 1296 63.
732 1243 785 1296 Hic
809 1245 887 1310 paulo
909 1243 1017 1296 facetius
1044 1245 1172 1312 Hercules
1235 1243 1242 1250 ”
1309 1285 1312 1292 -

2 1351 7 1363 .
37 1313 196 1367 multimodo
214 1331 294 1364 cursu
316 1314 415 1382 pedum
437 1316 595 1382 percurrisse
622 1313 732 1366 traditur
757 1314 877 1371 stadium.
894 1341 931 1354 -
947 1315 1085 1384 mitioris.)
1120 1319 1173 1372 So·

38 1385 153 1440 cundum
170 1390 284 1438 nostrum
303 1385 406 1437 utiliore
431 1386 515 1439 tribus
540 1387 656 1439 consistit
678 1385 783 1449 stadiis,
811 1399 859 1441 seu
885 1389 939 1438 375
963 1388 1097 1454 passibus3
1123 1391 1197 1443 mot.

38 1459 252 1509 tioriunuantem
271 1463 331 1509 octo
347 1457 437 1509 stadiis
450 1473 497 1510 seu
515 1459 575 1511 mile
591 1457 725 1525 passibus.
747 1456 797 1509 nisi
811 1457 900 1524 legere
919 1465 1031 1524 praestat
1049 1469 1173 1518 octavam
1270 1467 1272 1474 '

38 1537 145 1598 portem
162 1526 283 1592 utilioris,
299 1526 337 1582 tta
354 1536 384 1581 ut
400 1527 503 1580 miliare
521 1535 548 1582 et
565 1519 710 1579 miliarium
726 1527 855 1588 idemtit.
891 1528 931 1581 De
948 1532 1052 1583 nominc
1069 1531 1186 1584 miliare·

42 1597 189 1652 dubitarunt
206 1599 280 1651 editt·
297 1599 354 1652 Cic.
384 1600 418 1652 ad
443 1604 498 1652 Att.
522 1605 557 1666 6,’
575 1605 601 1652 1.
620 1624 653 1639 -
670 1596 707 1651 so
726 1598 818 1668 stad.)
853 1597 998 1654 Senonas
1023 1603 1121 1674 Lucan.
1146 1609 1172 1670 4,
1239 1608 1241 1614 ’

39 1675 102 1728 614.
120 1697 154 1710 -
173 1672 207 1722 49
226 1669 380 1738 Olympias)
399 1679 446 1740 pro
464 1671 527 1722 ludo
542 1669 677 1740 Olympico
695 1686 790 1726 novum
803 1678 843 1723 ast
860 1671 885 1723 in
898 1671 1018 1726 Romano
1035 1672 1170 1742 scriptore,

39 1744 90 1796 etsi
107 1741 212 1794 minime
229 1737 347 1807 ignotum
365 1743 537 1814 Graecis5nt
554 1742 654 1796 Herod.
672 1746 698 1808 t,
716 1743 862 1816 nononis.
880 1769 915 1784 -
933 1747 965 1794 41
986 1745 1064 1796 annis
1084 1744 1175 1806 tribus.

39 1811 109 1879 etc.)
145 1813 206 1877 Hoc
223 1819 312 1868 contra
330 1820 446 1866 veterum
463 1813 542 1866 tidem
559 1813 676 1868 traditur.
709 1814 774 1866 Post
792 1821 923 1882 peractum
942 1831 1037 1868 annunt
1054 1825 1172 1884 quartum

39 1878 175 1953 Olympias
193 1889 234 1935 est
252 1884 332 1936 tinito-
369 1885 444 1938 Unde
462 1885 574 1944 Romani
598 1887 691 1952 poitac
715 1885 886 1954 olympiadem
905 1888 1073 1956 saepiuspro
1091 1891 1172 1941 lustro

39 1961 56 2009 i.
78 1972 102 2008 e.
127 1955 301 2022 quinquennio
325 1963 437 2023 ponunt3
464 1958 525 2023 quin
540 1959 628 2010 stiam
651 1953 733 2010 'schot
758 1957 791 2008 ad
816 1959 883 2010 Stat.
911 1956 973 2010 Th.
989 1977 1014 2029 p.
1039 1966 1073 2012 ot
1099 1961 1173 2014 lovis
1210 1986 1216 2002 .

5 2089 10 2095 .
39 2027 171 2096 Olympici
189 2039 290 2079 sacrum
308 2027 453 2104 intermisso
472 2028 645 2096 quinquennio
662 2028 747 2081 redire
766 2027 837 2082 dicit.
847 2027 890 2071 ’-

245 2209 249 2212 .
297 2149 396 2215 193.
439 2147 555 2215 Serv.
584 2145 634 2214 ad
662 2150 726 2214 Ac.
759 2149 796 2228 8,
818 2149 892 2216 330.

111 2256 136 2290 v.
154 2244 171 2290 9
186 2254 313 2310 pugnans
331 2235 426 2288 cendit
444 2236 466 2288 C
484 2237 518 2289 D.
535 2263 571 2278 -·
590 2239 625 2287 10
647 2233 748 2303 tibris)
767 2242 839 2288 recte
863 2252 915 2290 om.
939 2235 977 2289 C‘
989 2237 1021 2290 D.
1044 2239 1118 2292 Serv.
1137 2241 1171 2294 ad

38 2318 91 2367 Ae.
111 2315 147 2374 8,
163 2314 213 2363 31:
237 2310 265 2361 in
288 2307 374 2360 sacris
394 2305 548 2368 Tiberinus,
572 2304 601 2356 in
625 2305 775 2356 coenolexio
793 2305 909 2364 utteris,
935 2307 965 2358 in
980 2311 1103 2373 poi'rnute
1124 2313 1171 2361 Τι’ὲ

37 2383 99 2435 bris
122 2390 241 2437 vocatur.
266 2408 302 2420 -
345 2377 421 2446 Atio)
445 2377 512 2428 aliti
533 2377 566 2430 D.
591 2380 686 2428 -712
710 2375 780 2428 unde
803 2375 884 2428 tibris
909 2375 1019 2446 (thibris
1037 2380 1073 2451 C)
1092 2378 1172 2450 quusi

35 2449 118 2524 ὕβρις
136 2451 220 2520 (hipis
236 2453 273 2520 C)
293 2449 382 2521 dictus
399 2458 441 2500 est
459 2443 509 2500 riui
527 2451 574 2517 τῆς
598 2440 695 2518 ὕβρεως
720 2447 740 2504 i.
757 2463 782 2500 a.
799 2446 834 2497 ab
848 2447 961 2513 injuria.
997 2450 1069 2500 Nam
1094 2449 1173 2502 amal
1246 2459 1249 2468 '

37 2527 109 2578 boort
126 2527 240 2592 majores
258 2520 304 2574 uhi
320 2519 453 2590 aspiratio
470 2519 530 2571 etot
549 2520 684 2587 &ponere
702 2519 724 2573 C
741 2519 774 2573 D.
809 2519 879 2572 Hinc
905 2520 993 2586 itaque
1013 2523 1089 2588 'patet
1106 2523 1172 2575 scri-

37 2597 156 2651 bendum
170 2611 227 2660 esse
242 2591 364 2663 Thybris,
378 2589 476 2645 utteoit
487 2591 574 2645 Bnrm.
589 2591 615 2642 in
625 2590 701 2644 Ovid.
714 2591 746 2648 F.
756 2593 782 2646 2,
796 2593 849 2642 389
865 2595 891 2643 et
904 2591 973 2647 alibi.
982 2619 1016 2630 ·-
1026 2597 1059 2644 13
1072 2591 1172 2644 Altior
1243 2656 1245 2660 ι

36 2685 126 2738 supro
145 2665 261 2717 diximus
279 2664 362 2732 (aua
399 2664 447 2716 Aa.
467 2663 494 2730 3,
511 2663 579 2731 500)
598 2663 620 2714 G
638 2663 670 2716 D.
688 2691 722 2702 -ν
743 2664 778 2715 14
795 2661 892 2714 thibris
907 2663 945 2727 (ἒς
971 2660 1118 2717 tiberini).
1135 2693 1171 2705 -

37 2761 55 2792 a
74 2737 253 2798 similitudine
267 2736 300 2789 D.
318 2761 354 2774 -
432 2733 511 2803 item)
535 2743 563 2785 et
591 2735 614 2786 (Ξ
637 2735 671 2790 D.
695 2759 731 2773 ·-
760 2737 794 2786 16
821 2735 893 2786 Nam
917 2732 1087 2804 quod'liuius
1104 2733 1173 2792 (1.0

37 2817 74 2866 D,
94 2836 129 2849 .-
149 2813 184 2861 lt
198 2805 300 2858 thibrin
318 2806 349 2858 c.
365 2813 401 2850 4·-
436 2805 503 2873 Sed)
522 2821 574 2864 our.
593 2805 615 2858 (2
634 2806 666 2861 D.
684 2831 720 2849 ’-
750 2805 893 2860 Caeterum
910 2805 1000 2858 Livius
1019 2811 1050 2872 1,
1068 2808 1172 2876 36116-
1247 2851 1249 2858 .

36 2884 102 2936 vius
116 2878 238 2944 Albula,
256 2895 332 2950 quem
351 2894 423 2930 nnnc
439 2875 553 2930 {tiberim
575 2885 683 2948 vocant.
701 2901 737 2912 -
774 2870 966 2946 2116661661-
984 2876 1172 2948 quisin'tra-
1200 2912 1201 2916 =

32 2960 115 3023 jectu
135 2947 256 3004 Albulae
273 2949 359 3000 amnis
376 2946 528 3020 suintersus
545 2946 643 2999 celebre
660 2945 699 2998 ad
711 2956 833 3016 posteros
858 2965 951 3009 nomen
961 2948 1073 3016 flumini
1090 2948 1172 3004 noir.

30 3025 81 3079 Gi.
102 3024 178 3077 Van.
196 3019 229 3077 da
244 3019 279 3074 ¹1..
298 3021 332 3073 L.
350 3025 383 3086 6,
400 3024 419 3072 6
437 3019 463 3088 p.
481 3023 515 3072 ts
530 3020 644 3087 Speng.‚
670 3019 776 3084 Dionys.
795 3020 856 3078 Hai.
881 3017 958 3073 Aroh.
976 3023 1057 3084 1,·’11
1074 3038 1100 3090 p.
1120 3025 1173 3075 los

34 3095 151 3160 Reisk„
169 3093 248 3147 ovio.
265 3089 297 3145 D.
315 3095 348 3158 2,
365 3093 434 3157 369,
448 3091 523 3147 Serv.
543 3090 575 3143 ad
595 3093 641 3147 Ae.
658 3093 691 3155 6,
712 3094 748 3142 12
764 3095 791 3143 ct
808 3095 841 3148 3,
856 3096 919 3145 600.
937 3116 973 3130 ·-
1045 3117 1050 3142 a

87 3182 186 3282 194.
230 3197 537 3280 8666611161.
564 3213 601 3293 6,
627 3211 687 3291 tt,
719 3213 922 3302 mythogr.
952 3210 1001 3292 ll,
1023 3212 1096 3278 224.
1168 3251 1171 3258 ,
1200 3189 1202 3194 .

2 3326 3 3332 ’
113 3320 239 3374 crineum
256 3321 279 3372 G
298 3321 331 3377 D.
349 3341 385 3360 *-
399 3321 401 3328 ’
403 3317 525 3388 finibus)
547 3317 623 3372 silvis
641 3319 676 3371 D.
692 3341 729 3354 -
746 3317 817 3370 Ionii
835 3320 898 3388 Msjt
917 3320 975 3374 cod.
993 3345 1030 3358 ·-
1046 3323 1083 3372 22
1101 3322 1190 3372 inter.

31 3416 63 3452 se
84 3391 151 3445 nob.
170 3400 233 3444 cert.
252 3392 274 3444 C
293 3391 333 3457 D3
350 3391 422 3444 inter
439 3409 468 3442 se
484 3400 548 3445 cert.
566 3390 627 3444 hah.
654 3391 687 3443 B.
709 3419 745 3432 ·-
762 3393 797 3442 23
822 3385 933 3460 Mopsi)‘
954 3395 1049 3463 Mopso
1076 3394 1172 3446 rectius

31 3471 61 3523 ΒΙ
81 3466 107 3516 C
125 3464 159 3519 D.
177 3492 213 3506 ·-
230 3467 266 3516 24
284 3460 345 3514 Hoc
362 3471 453 3513 autem
470 3463 523 3512 Eu.
546 3461 681 3516 continent
706 3479 787 3514 eorm.
812 3462 835 3512 G
857 3464 890 3518 D.
925 3462 1000 3518 Haec
1023 3469 1050 3518 et
1075 3465 1172 3530 reliqua

30 3539 129 3593 ..mrsu
146 3535 178 3586 o.
194 3562 230 3574 -
249 3536 286 3586 no
318 3531 440 3602 norgiis)
466 3549 517 3590 om.
542 3533 564 3585 c
586 3533 704 3589 nun.
733 3534 769 3601 ej.
793 3531 850 3590 nu.
874 3537 923 3600 io.
948 3541 985 3588 so
1010 3537 1072 3602 ibiq.
1097 3538 1171 3588 ser..
1245 3565 1248 3572 ·

31 3614 148 3674 Fragm.
165 3603 282 3675 Euphor.
302 3623 329 3672 p.
348 3607 383 3656 36
402 3610 428 3657 et
445 3608 495 3656 101
516 3620 555 3671 sq.
579 3606 618 3658 ed.
643 3603 774 3658 Maineck.
799 3606 844 3671 qui
860 3603 925 3658 haec
942 3622 957 3659 e
975 3608 1000 3661 V
1020 3605 1171 3658 Chiliodum

29 3686 106 3736 libro
124 3695 141 3729 n
159 3680 237 3731 (talio
255 3677 369 3730 derivata
386 3689 445 3728 esso
468 3677 607 3732 contendit.
624 3703 660 3716 -
674 3675 829 3727 *calchidica
853 3677 876 3731 c
901 3677 933 3734 D.
952 3707 988 3722 -
1003 3681 1040 3730 26
1072 3676 1172 3730 colchis

28 3759 71 3819 03
106 3747 189 3802 solcis
210 3751 244 3806 D.
271 3771 307 3784 -
333 3745 434 3817 fuerat
456 3745 580 3816 euforinn
604 3747 626 3800 C
650 3748 683 3799 Ι).
707 3775 743 3828 3-
778 3748 881 3800 Probus
909 3749 942 3802 ad
965 3749 1021 3802 Ecl.
1049 3752 1096 3814 10,
1121 3753 1170 3800 50:

29 3821 213 3892 Euphorion,
245 3817 391 3891 elegiarum
413 3817 542 3886 scriptor,
573 3817 753 3870 Chalcidensis
774 3817 854 3886 fuit,
880 3822 960 3887 cujus
984 3819 1013 3870 in
1037 3818 1172 3870 scribendo

27 3903 151 3948 secutus
176 3891 286 3943 colorem
310 3885 418 3940 videtur
444 3889 544 3940 Cornel.
571 3888 675 3941 Gallus.
712 3889 753 3940 (is.
780 3890 896 3945 Diomed.
919 3897 936 3943 3
962 3911 987 3960 p.
1007 3895 1074 3955 482,
1092 3895 1123 3956 3,
1145 3898 1172 3943 et

26 3970 186 4024 cantatores
204 3960 376 4031 Euphorionis
394 3977 437 4028 ap.
456 3961 510 4012 Cio.
529 3959 608 4015 Tusc.
627 3961 661 4018 0.
678 3965 710 4024 3,
729 3964 772 4018 10.
908 3967 912 3976 ’

76 4086 166 4156 195.
207 4067 317 4153 Scir.
350 4073 408 4148 ad
428 4079 549 4232 Acte,
572 4081 816 4234 121.H(o{.l(r)ad
845 4087 906 4150 Ae.
937 4082 1118 4166 11‚not);

539 4188 558 4231 ο
687 4217 698 4249 ,
735 4208 737 4216 ι
783 4213 791 4233 .

417 4181 452 4233 in

105 4277 131 4311 r.
153 4261 189 4310 30
207 4257 321 4308 Cretens.
339 4271 386 4305 rex
410 4255 434 4306 B
452 4191 481 4307 (l
491 4255 525 4308 D.
542 4282 577 4293 —
654 4273 736 4326 quum
759 4261 937 4306 reverteretur
954 4253 987 4308 c:
1004 4281 1040 4292 -
1056 4235 1177 4323 sacrifici

22 4353 54 4386 se
70 4329 100 4386 Ὀ
122 4331 158 4385 D.
175 4353 211 4368 -
228 4327 332 4380 devovit
349 4335 461 4397 propter
484 4325 629 4382 sedandum
657 4335 841 4398 tempestatem
865 4323 1028 4394 sacrificium
1054 4343 1082 4378 se
1109 4327 1173 4377 dore
