2716 4794
8 227 24 262 l

158 172 237 256 teo
314 215 329 244 Ι
455 171 638 272 styuwgr.
665 173 717 245 u.
772 157 873 246 aar».¹
894 129 988 270 isa.

156 372 189 428 et
207 355 385 436 Helenam,
407 354 450 422 de
466 355 625 445 ,Tyndaro
648 358 815 424 Castorem
832 357 1012 446 progenuit.
1041 356 1154 424 Pollux
1171 368 1283 438 autem,

157 448 296 512 fraterne
317 443 510 531 compatiens
533 441 730 520 mortalitati,
760 442 879 522 inferos
909 466 968 533 pro
993 443 1092 512 fratre
1110 443 1277 510 alternatim

157 529 341 608 subeundo,
373 551 445 594 eum
469 528 595 594 interitu
618 527 752 594 redemit
773 529 900 595 vicario.
942 530 1033 604 Quos
1078 552 1113 594 ro
1135 528 1279 596 unanimi-

159 617 232 686 tatis
255 615 367 682 merito
390 613 537 702 Juppiter
558 614 589 678 in
611 612 732 682 caelum
754 614 927 692 transtulit,
954 627 990 681 et
1018 553 1167 684 salutaria
1194 615 1281 700 sigua

131 701 270 768 tnautis·
285 723 355 768 esse
376 698 482 781 dedit3
517 720 612 787 quum
635 699 723 766 stella
744 701 863 766 sororis
883 699 986 766 nautis
1007 701 1133 788 signum
1155 699 1197 766 sit
1217 721 1281 788 per·

150 787 318 864 ditionis,
350 785 440 862 Quos
479 783 610 850 alterum
644 807 703 870 pro
737 785 836 852 altero
868 808 976 852 manes
1005 787 1140 852 vicissim
1174 785 1282 850 adiisse

156 873 299 961 lingitur,
322 869 409 959 quod
433 891 543 935 eorum
564 865 673 934 stellae
695 870 737 935 ita
759 882 833 936 sunt
853 872 1053 953 constitutae,
1075 885 1110 938 ut
1122 869 1283 936 occidente
1352 911 1353 928 r

157 981 240 1036 uua,
273 956 393 1048 oriatur
424 954 531 1023 altera.
575 955 720 1040 Tempus
749 967 874 1036 autern,
905 955 992 1042 quod
1019 959 1089 1045 ipsa
1110 954 1283 1033 duraverat,
1338 979 1353 993 ·’

161 1041 318 1118 Helenam
349 1042 445 1108 luisse
472 1037 679 1106 immortalem
701 1039 826 1107 indicat.
881 1043 1017 1110 Constat
1046 1043 1146 1120 enim,
1177 1042 1309 1107 fratresr

120 1129 230 1220 noejus
261 1152 333 1195 cum
364 1125 557 1213 Argonautis
587 1125 699 1202 fuisse,
730 1128 984 1211 Argonautarum
1006 1126 1085 1194 filios
1108 1151 1179 1194 cum
1204 1129 1286 1194 The-

162 1197 253 1282 bauis
283 1211 465 1290 dimicasse,
502 1211 609 1297 ibique
641 1208 854 1284 dimicantium
884 1212 967 1278 filios'
989 1213 1131 1302 Trojano
1166 1212 1284 1278 excidio

160 1299 363 1366 interfuisse..
387 1297 479 1384 Ergo
494 1298 520 1362 si
533 1294 714 1361 immortalis
730 1297 853 1365 Helena
869 1319 931 1362 non
950 1298 1070 1379 luisset,
1091 1309 1141 1364 tot
1153 1299 1223 1364 sine
1234 1297 1286 1362 du-

161 1385 214 1452 bio
236 1384 368 1452 saeculis
393 1381 509 1448 durare
531 1403 592 1446 non
611 1381 776 1474 potuisset.
819 1383 915 1450 Hane
937 1405 1090 1474 namque,
1112 1385 1286 1473 priusquam

162 1467 307 1536 Menelao
330 1469 483 1550 nuberet,
512 1490 531 1532 a
556 1465 687 1532 Theseo
709 1467 844 1552 legimus
866 1481 1008 1558 raptam,
1040 1482 1074 1535 et
1093 1470 1124 1534 in
1143 1472 1285 1560 Aegypto

55 1637 58 1642 Ι
110 1557 285 1624 ttProteo
307 1577 378 1620 esse
403 1551 664 1620 commendatam.
709 1553 809 1643 Cujus
830 1553 937 1636 stella,
959 1555 1079 1622 Urania
1099 1553 1206 1637 dicta,
1228 1579 1286 1622 ma-

120 1637 125 1655 “
162 1641 226 1732 lum
256 1640 440 1744 perhibetur
468 1659 583 1704 cavare
611 1648 644 1706 et
676 1637 762 1705 naris
791 1638 854 1704 ima
880 1634 1090 1730 pertundere,
1123 1650 1215 1708 tauto
1244 1642 1286 1706 in-

163 1725 267 1793 cendi1
294 1728 436 1812 flagrans
467 1722 598 1802 ardore,
631 1731 667 1791 ut
696 1745 750 1792 aes
782 1724 845 1790 hoc
870 1723 1008 1794 solvatur
1028 1725 1143 1806 calore.
1189 1729 1287 1804 Quam

162 1827 398 1966 pppptraptautac
419 1809 499 1876 navi·
513 1807 699 1876 insidentem
732 1809 950 1905 considerant,
981 1835 1017 1879 se
1043 1811 1202 1900 perituros
1230 1835 1312 1880 uon·

65 2073 71 2079 ’
117 2063 169 2152 20'
370 2057 462 2137 155.
516 2060 726 2138 Theseus
763 2072 806 2153 et
838 2059 1088 2167 Pirithous.

246 2189 395 2256 Theseus
418 2200 451 2255 et
472 2186 655 2267 Pirithous,
683 2209 765 2253 unus
787 2187 829 2252 de
850 2187 1011 2276 Lapithis,
1040 2187 1124 2262 lauta
1146 2192 1287 2282 coujura-

160 2273 266 2353 tiene,
299 2275 377 2341 filias
398 2273 485 2340 loris
507 2297 622 2340 uxores
647 2271 784 2356 ducere,
806 2273 937 2340 Theseo
957 2273 1129 2354 Helenam,
1151 2277 1240 2344 Jovis
1260 2288 1288 2341 et

160 2359 277 2426 hodae
297 2361 408 2440 filiam,
432 2359 538 2426 adhuc
560 2382 687 2448 parvam
709 2369 898 2445 rapuerunt,
921 2372 954 2426 et
966 2360 997 2424 iu
1010 2364 1156 2449 Aegypto
1173 2363 1288 2430 Proteo

161 2445 473 2512 'commendaverunt
517 2447 622 2518 Quum
654 2454 777 2523 autem,
806 2466 889 2532 quae
913 2444 1057 2513 Pirithoo
1081 2447 1287 2534 copularetur,

119 2552 229 2604 ennon
254 2530 445 2608 invenirent,
477 2530 752 2616 conspiraverunt,
781 2539 817 2594 ut
844 2542 975 2618 propter
996 2531 1223 2618 Proserpinam
1243 2557 1289 2600 ra-

164 2613 313 2706 piendam
347 2618 466 2682 inseros
493 2611 633 2696 adirent.
695 2615 768 2688 Qud
802 2613 909 2692 lacto,
945 2615 1061 2684 ibidem
1095 2618 1290 2706 deprehensi,

164 2701 256 2851 ἓμνί
289 2699 442 2790 supplicio
476 2709 551 2766 snut
578 2697 726 2766 damnati.
776 2699 897 2768 Fertur
923 2711 1030 2770 tamen
1063 2703 1214 2774 Theseus
1252 2707 1289 2770 ab

202 2783 319 2858 ercule,
334 2789 378 2853 ita
405 2785 572 2865 liberatus,
600 2797 637 2852 ut
666 2805 738 2873 pars
767 2785 834 2874 ejus
856 2788 1003 2875 corporis
1024 2787 1068 2852 ihi
1088 2788 1292 2870 detineretur,

165 2891 240 2960 pars
271 2874 312 2937 ab
340 2870 483 2937 Hercule
511 2872 663 2960 decerpta
684 2871 945 2938 abstraheretur.
997 2872 1064 2938 Sed
1094 2888 1205 2944 contra
1226 2877 1292 2947 Vir-

122 2955 277 3045 wgrlius:
316 2957 435 3033 Sedet,
461 2969 716 3044 aeternumque·
730 2955 858 3022 sedebit
880 2957 1010 3044 infelix
1037 2958 1198 3030 Theseos.
1241 2963 1294 3036 Sic

117 3043 149 3144 ,“
164 3043 351 3132 plerumque
371 3065 392 3110 a
408 3042 516 3130 politis
537 3053 695 3122 variantur
716 3041 851 3107 fabulae.

488 3205 581 3286 AM.
633 3205 852 3286 Athamas
891 3235 980 3284 reor.

167 3343 171 3352 '
251 3337 400 3413 Athamas
421 3359 496 3415 rex,
513 3337 600 3408 Aeoli
621 3336 719 3415 filius,
741 3335 871 3402 Crethei
893 3335 999 3418 irater,
1021 3359 1153 3408 uxorem
1168 3340 1297 3414 Nuhem

66 3445 68 3448 ·
169 3421 217 3490 vel
238 3423 403 3512 Nephelen
433 3437 577 3496 roceum
609 3422 734 3500 habuit,
776 3420 818 3486 de
847 3444 909 3508 qua
939 3424 1091 3494 Phrixum
1122 3442 1155 3494 et
1182 3425 1297 3492 Hellen
1345 3445 1347 3455 ·

125 3512 318 3598 ansnscepit.
357 3512 467 3585 'Quum
488 3509 589 3596 igitur
608 3507 740 3586 Nubes,
761 3507 882 3576 insania
902 3508 1012 3575 Liberi
1034 3509 1130 3596 patris
1151 3514 1299 3588 excitata,
1323 3557 1326 3562 -

169 3595 276 3664 silvam
287 3605 437 3689 peteret,
455 3618 515 3664 nec
537 3595 578 3662 ad
602 3592 700 3658 larem
726 3594 827 3660 mariti
847 3616 992 3660 remeare
1012 3595 1121 3686 vellet,
1143 3599 1211 3664 liliis
1233 3595 1300 3670 suis

167 3683 317 3748 Athamas
353 3681 538 3768 superduxit
566 3701 765 3758 novercam,
784 3679 915 3746 Inonem
945 3694 1177 3768 nuncupatam
1212 3703 1302 3772 ottae

168 3767 326 3834 novercali
349 3763 423 3832 odio
446 3767 552 3855 pueris
584 3765 712 3833 exitium
746 3765 949 3848 machinans,
983 3767 1168 3834 matrouaus
1196 3767 1302 3856 petiit,

115 3887 121 3898 κ
168 3865 205 3920 ut
222 3851 536 3920 frumenta'serenda
553 3861 802 3940 corrumperent
853 3853 926 3924 Quo
959 3851 1065 3931 sacto,
1100 3851 1198 3920 sames
1230 3864 1304 3920 crta

114 3950 227 4008 'tuest
271 3939 378 4014 Quum
415 3951 520 4006 autem
555 3938 596 4004 ad
623 3937 796 4026 Apollinem
826 3937 1003 4004 consultum
1025 3937 1133 4004 civitas
1155 3938 1304 4015 misisset,

95 4077 101 4085 ι
170 4025 228 4090 lno
247 4047 348 4104 eum,
378 4026 435 4110 qui
457 4026 571 4092 missus
603 4035 690 4100 erat,
725 4034 760 4089 ut
782 4023 933 4102 referret,
959 4026 1002 4090 ab
1023 4025 1151 4109 oraculo
1171 4024 1305 4099 dictum,

119 4176 121 4184 ,
170 4107 288 4182 Nubis
299 4108 404 4194 filios
424 4109 661 4180 immolandos.
701 4107 776 4196 Ipsa
791 4103 934 4195 'namque
956 4109 1073 4178 dictum
1098 4110 1230 4202 habuit,
1248 4132 1308 4178 ecs

127 4262 129 4266 ,
171 4192 328 4286 srpmpnt'a
350 4193 561 4286 ,incendisseox
612 4191 711 4260 Pater
748 4213 824 4260 vero
861 4193 972 4282 timens
1008 4193 1115 4284 populi
1146 4193 1308 4276 invidiam,

558 4517 568 4570 Δ>
