2698 4804
196 205 281 282 aaa
432 180 736 307 'camptu
791 205 852 278 u.
907 202 1094 280 ιιι-ιτ.

373 342 385 377 d

197 393 313 476 mais,
331 380 452 460 ut‘ucn
470 413 536 458 uno
557 391 698 460 costati
716 388 875 482 ungu-io,
896 389 1013 479 siquid
1030 389 1224 467 inchoarem,
1250 384 1296 450 nisi

197 482 318 630 ww
324 477 487 650 cj'irriizi'fi
504 479 817 630 Nepmnfignffliffi
836 477 1210 650 gpplpugtffl
1230 469 1296 620 hide

1218 604 1228 637 l

201 651 356 716 rebantur
373 648 490 736 priora
545 647 626 714 lnde
645 661 712 714 est:

176 761 196 808 s
289 733 471 816 Quantum
494 731 665 798 amenta
684 731 807 820 aquilo
826 731 985 798 veniente
1004 725 1182 796 colrmrbcc

200 818 287 886 Nam
306 815 412 908 aquila
439 817 508 884 sine
534 815 633 882 dubio
662 816 816 882 columbis
840 816 911 904 plus
938 826 1053 903 potest.
1099 813 1188 880 Beue
1212 818 1297 875 auen

199 907 328 972 Aeneae
348 900 435 990 apud
451 901 614 988 l'irgffium
634 901 668 967 in
689 902 736 968 vt
756 899 853 968 datur
873 903 1061 988 augurium,
1089 907 1197 984 utpote
1215 895 1298 960 tene
1328 911 1329 918 ¹

200 985 453 1073 rislilioetregi
483 987 914 1053 ¹NametcolumbneVencri
924 1001 1056 1074 propter
1072 983 1299 1070 counimur
1328 1047 1329 1052 ,

201 1073 347 1152 diximus,
363 1072 482 1139 coito·
496 1083 528 1138 et
540 1072 788 1138 foecunditatem
795 1080 1103 1149 comentataesun13
1122 1059 1299 1133 eteorunad
1328 1109 1329 1144 3

160 1156 1301 1261 teregesperliuetauguriumquianumquamsolaesmtsicutnecreges
1328 1189 1329 1192 κ

199 1242 385 1312 ineomuat'u
407 1242 479 1308 Nec
487 1247 528 1307 ab
536 1255 641 1321 reest,
655 1240 741 1330 quod
748 1243 865 1308 ibidem
877 1244 1131 1330 postorationem
1140 1230 1300 1304 Aeneaead-
1328 1237 1329 1314 ζ

95 1403 100 1412 ,
195 1330 320 1420 jectum
332 1339 398 1394 est:
421 1328 480 1390 Sic
487 1323 616 1414 effatus
626 1328 779 1412 vestigia
787 1329 928 1414 pressit.
957 1329 1043 1394 Nam
1057 1325 1190 1392 eteffata
1199 1317 1301 1410 proprie
1328 1389 1329 1392 ,

201 1427 277 1484 sunt
295 1433 456 1499 augurum
478 1433 602 1499 preces.
657 1412 754 1478 Unde
784 1413 880 1478 eriam
901 1434 1044 1498 aggeres
1065 1424 1138 1498 post
1156 1402 1300 1496 pomoeria.
1328 1415 1329 1476 l

172 1577 175 1585 Ι
201 1501 258 1566 ubi
279 1499 451 1586 captabant
481 1498 638 1583 auguria,
670 1496 861 1564 dicebantur
887 1499 1022 1581 ellatus3
1061 1509 1095 1564 et
1119 1505 1190 1584 post
1213 1508 1301 1578 preces
1328 1479 1329 1562 l

161 1585 248 1656 read
267 1581 426 1673 captanda
447 1582 582 1668 auguria
606 1582 781 1649 immobiles
806 1583 853 1648 rel
881 1582 997 1650 sedere
1022 1581 1073 1650 rel
1092 1593 1176 1649 stare
1194 1592 1300 1642 consue-
1328 1565 1329 1622 l

203 1681 321 1738 resur.
362 1667 467 1732 Porro
487 1680 675 1755 praepetum
696 1668 816 1746 auum,
835 1679 872 1736 ut
891 1669 936 1736 ait
954 1669 1106 1742 Servius,
1139 1662 1213 1731 aliae
1227 1677 1300 1744 supe·

202 1757 289 1821 riora
308 1763 434 1830 nuent,
465 1767 499 1819 et
525 1754 655 1840 proprie
684 1765 854 1841 praepetes
877 1752 1044 1836 dicuntur,
1076 1753 1156 1818 aliae
1172 1745 1301 1815 interiora

202 1851 237 1904 et
255 1838 378 1904 inlerae
395 1852 638 1925 nuncupantur;
677 1839 835 1904 communi
855 1851 962 1904 autem
984 1839 1140 1906 vocabulo
1165 1845 1197 1900 ct
1213 1833 1264 1897 hae
1278 1836 1301 1889 el

203 1924 275 1990 illae
334 1935 480 2012 repetes,
511 1923 587 2012 quia
608 1946 718 1991 omues
740 1921 814 1990 are's
832 1924 957 2010 priora
974 1935 1102 2009 petum
1121 1921 1255 1989 solantes

91 2038 98 2060 ι
162 2023 200 2074 2⁰
311 2011 344 2076 6.
382 2001 499 2074 Me'rito
534 2009 762 2096 aruspicinam,
804 2009 1049 2097 horoscopicam
1087 2020 1121 2075 et
1153 2001 1300 2089 augurium,

203 2092 442 2174 matematicae,
473 2089 507 2157 id
535 2109 585 2161 est
612 2095 757 2174 vanitati,
784 2093 1005 2176 subiecerunt,
1041 2094 1117 2195 quia
1146 2095 1177 2158 iu
1197 2090 1238 2156 his
1255 2083 1299 2148 lata
1328 2159 1329 2184 χ

204 2179 368 2247 bominum
398 2178 592 2245 constituere
624 2193 658 2247 et
687 2180 841 2258 scmtari,
884 2180 1103 2245 abominabilis
1125 2179 1212 2268 justa
1235 2185 1300 2251 veros
1328 2199 1329 2244 l

205 2266 376 2354 theologos
404 2265 587 2352 superstitio
616 2287 789 2353 eassusque
817 2264 907 2328 labor
935 2267 991 2352 sitj
1028 2265 1105 2332 lice't
1133 2264 1212 2330 idem
1232 2269 1258 2320 et
1273 2250 1301 2312 dt

206 2351 324 2428 ceteris
371 2347 528 2415 divinandi
576 2352 748 2438 generibus
790 2349 996 2416 asserendum
1044 2373 1109 2414 uon
1148 2346 1301 2413 dubiumne

161 2437 314 2525 etSaepe
346 2459 423 2502 vero
455 2433 542 2523 quod
575 2459 615 2501 ex
653 2447 767 2502 natura
802 2435 917 2520 obtigit
943 2436 1095 2522 generi,‘
1111 2431 1222 2525 speciei
1248 2440 1302 2520 usus

68 2570 74 2581 .
157 2543 161 2552 ’
205 2522 344 2588 assumit.
397 2522 502 2600 Sane,
536 2529 572 2585 ut
597 2519 715 2587 Cicero
739 2520 801 2596 ait,
832 2522 932 2586 omnis
962 2519 1124 2585 divinandi
1160 2513 1258 2608 peritia
1281 2525 1303 2570 1¹¹

163 2653 167 2672 .
204 2605 285 2673 duas
307 2604 472 2672 distributa
494 2615 543 2669 est
560 2615 677 2690 partes.
727 2604 812 2670 Nam
832 2616 889 2671 aut
908 2605 998 2672 furor
1019 2619 1085 2684 est,
1117 2615 1153 2672 ut
1174 2590 1303 2672 inretiti·

204 2691 403 2768 nstionibus;
436 2700 493 2756 aut
512 2710 582 2763 ars,
613 2701 649 2756 ut
667 2691 699 2757 io
720 2689 939 2776 aruspicibus,
969 2691 1170 2777 auguribus,
1199 2676 1304 2776 genetl-

204 2777 292 2843 liacis
314 2787 347 2842 et
368 2775 527 2842 similibus.
569 2775 614 2843 Et
633 2775 840 2842 haecomnia
861 2799 902 2842 cx
923 2798 959 2842 se
978 2776 1140 2862 pendent,
1169 2776 1236 2842 licet
1251 2784 1304 2855 pro

162 2861 281 2953 sopriis
313 2860 431 2927 linibus
462 2858 693 2928 contineantur.
743 2862 840 2928 Unda
878 2861 1029 2948 Virgilius
1060 2863 1168 2930 omnia
1201 2858 1229 2924 ei
1259 2851 1303 2923 dal

204 2969 300 3035 quem
321 2946 386 3012 ruit
410 2947 585 3032 perlectum
613 2946 761 3032 intelligi,
782 2960 837 3015 ut:

291 3030 364 3112 Qui
380 3031 553 3116 tripodes,
583 3031 697 3097 Clarii
717 3033 852 3112 lauros,
882 3030 944 3118 qui
965 3029 1087 3109 sidera
1107 3028 1223 3103 sentis,

203 3201 234 3270 Ε
288 3116 340 3265 lli
353 3114 532 3182 volucrum
550 3114 696 3204 linguas
717 3126 752 3180 et
771 3115 951 3204 praepetis
971 3117 1091 3180 omina
1108 3132 1249 3204 pennae·

235 3211 250 3268 t
280 3201 319 3265 ai
340 3198 372 3264 i:

163 3307 199 3358 ss
292 3277 359 3352 Cei
374 3281 547 3368 pecudum
556 3277 697 3367 fibrae,
726 3282 894 3348 caeli-cui
912 3281 1030 3348 sidere
1048 3295 1193 3371 parent,

288 3369 338 3436 Et
356 3367 535 3433 volucrum
558 3369 704 3516 liupuce
724 3378 759 3452 et
779 3366 949 3458 praesagi
967 3364 1141 3452 fulminis
1160 3370 1260 3456 ignes·

204 3453 418 3544 Fulguritae,
450 3450 484 3517 id
504 3463 554 3520 est
574 3452 789 3538 fuguratores
820 3465 909 3519 erant
939 3450 1004 3518 sive
1036 3453 1092 3541 qni
1124 3453 1249 3542 fulgura
1269 3457 1307 3532 pn

162 3595 165 3604 ,
204 3539 434 3608 incantationes
456 3538 638 3618 exciebant,
667 3536 733 3604 sive
753 3535 807 3625 qui
824 3535 874 3604 illa
896 3536 1105 3605 dinnabant„

291 3627 343 3694 17.
385 3620 435 3688 Ad
465 3621 623 3689 Venerem
651 3621 776 3702 autern,
809 3644 851 3686 ne
881 3623 971 3690 nimis
999 3621 1110 3710 vagari
1139 3627 1310 3709 accusemus.

164 3709 324 3788 noabbinc
342 3717 547 3778 revertamur.
590 3706 727 3777 Hiemali
747 3721 891 3795 ternpore
911 3709 1049 3776 omnium
1071 3729 1181 3788 rerum
1199 3701 1309 3796 pulchrr-

206 3793 285 3867 tudo
305 3795 443 3886 quodam
468 3791 564 3860 exitio
593 3790 727 3882 deperit.
775 3792 872 3858 Unde
897 3795 974 3860 licta
1003 3807 1053 3858 est
1080 3793 1200 3862 sabula,
1218 3788 1262 3860 illa
1283 3777 1311 3842 le

205 3882 318 3951 Adone
351 3891 385 3949 ct
415 3877 559 3957 Venere,
598 3889 632 3952 et
666 3900 685 3945 a
720 3878 871 3966 Remigio
908 3881 955 3948 sic
994 3877 1164 3959 elucidata.
1219 3875 1311 3940 venus.

205 3967 324 4070 inquit,
354 3964 502 4034 Adonem
535 3964 577 4028 ab
602 3985 620 4030 a
645 3983 681 4027 ro
703 3963 902 4030 interfectum
930 3964 1007 4031 fusis
1036 3965 1172 4030 lacrimis
1204 3951 1312 4064 plangit

205 4075 280 4142 quta
315 4063 421 4119 terrae
456 3985 677 4136 pulchritudo,
736 4071 798 4114 uae
832 4070 892 4139 per
909 4050 1088 4126 ,Venerem
1130 4046 1314 4135 signnfioatn.

162 4135 328 4226 deplangit
359 4133 476 4213 solem,
512 4134 566 4220 qui
599 4154 658 4222 per
686 4071 829 4200 Adonem
866 4133 1069 4220 designatur,
1108 4134 1154 4198 ad
1185 4123 1313 4198 australes

64 4221 66 4237 '
206 4221 342 4307 circulos
353 4217 629 4300 descendentem,
648 4219 799 4307 spurcitia
820 4229 854 4290 et
872 4217 1129 4306 rigorebiemali
1147 4217 1239 4308 qussi
1257 4209 1314 4278 den·
