2716 4794
79 175 133 308 ’,
199 259 202 266 -
282 149 577 314 olympus.
633 207 923 332 155-1593
1043 211 1174 288 ruo
1308 201 1315 210 ·

50 417 148 465 canem
171 395 419 468 abstrahendum
443 395 667 472 descenderet,
697 397 796 484 ipsam
819 395 860 467 de
880 393 987 464 inieris
1009 395 1175 468 reductam
1335 451 1336 462 ,

47 485 172 552 numero
195 481 345 549 reddidit.
375 481 546 550 .Admetus
577 481 667 569 quasi
698 503 789 568 quern
821 481 920 546 edire
949 495 1044 572 petat
1063 495 1203 550 rnetus.
1254 559 1257 566 Δ
1332 477 1337 562 ¹,

27 569 140 637 'dietus
163 579 221 635 est.
261 562 367 654 Ἀλκή
392 567 606 654 praesumtio
627 565 749 632 dieitur.
805 565 896 652 Ergo
926 581 1045 654 metus,
1084 592 1174 658 prae-

43 656 381 740 sumtionemlsperans
402 651 459 718 sibi
482 651 650 740 conjungi,
682 649 761 716 duas
785 651 868 716 leros
890 675 948 717 suo
972 653 1078 721 currui
1100 657 1174 722 sub-

42 743 160 828 iungit,
195 737 228 803 id
252 748 301 804 est
324 735 403 803 duas
432 737 561 804 virtutes
590 737 724 824 acquirit
745 736 838 801 animi
860 747 893 802 et
913 741 1073 826 eorporis;
1109 740 1199 805 leo-5

41 851 106 892 nem
132 836 168 891 ut
189 823 333 888 virtutem
356 823 467 902 animi,
501 833 613 910 aprum
631 822 833 888 utsirtutem
867 824 1019 908 corporis.
1062 825 1177 913 Apolli-

41 937 106 978 nem
132 921 165 976 et
186 907 358 974 Herculem
380 909 438 974 sibi
459 907 617 996 propitiat,
638 907 671 972 id
694 921 743 974 est
761 906 943 996 sapientiam
962 921 999 976 et
1021 911 1176 984 virtutem.
1266 972 1269 978 ,
1340 964 1341 982 ,

40 999 128 1100 Ergo
149 993 344 1083 praesumtio
366 1007 464 1060 semet
492 993 591 1082 ipsam
620 990 662 1060 ad
692 1003 824 1059 mortem
850 1001 910 1080 pro
941 994 1043 1060 anima
1074 1008 1175 1064 metus

40 1082 153 1171 objicit.
199 1080 302 1154 Quam
332 1079 614 1166 praesumtionem,
645 1078 677 1144 in
699 1091 801 1148 morte
832 1076 1056 1161 deficientem,¹
1077 1081 1175 1149 virtus

43 1171 74 1234 ab
92 1164 207 1234 inferis
230 1176 376 1246 revocat,
399 1175 434 1232 ut
454 1163 612 1232 Hercules
636 1161 722 1232 lacit.
1027 1205 1031 1222 ›
1180 1181 1215 1230 ιο
1342 1183 1343 1188 ’

45 1353 51 1366 “
102 1335 196 1412 155.
266 1309 441 1436 Anguis
470 1333 522 1407 ab
561 1333 765 1410 Hercule
806 1291 1105 1409 la'r'erfeerus.
1162 1431 1167 1436 μ
1218 1437 1222 1443 Ι

122 1461 280 1531 Hercules
305 1458 402 1548 ‚apud
437 1459 648 1547 Sangarium,
691 1460 816 1550 Lydiae
849 1458 986 1546 flnhren,
1033 1485 1172 1552 anguem

52 1547 144 1651 piures
165 1548 311 1616 homines
341 1543 600 1625 interficientem,
633 1556 666 1614 et
693 1548 793 1636 ripam
822 1547 967 1637 frugibus
998 1549 1172 1622 orbantcm.

51 1636 244 1702 interimebat.
289 1633 354 1698 Pro
386 1653 450 1719 quo
480 1632 564 1698 laeto
594 1632 635 1697 ab
667 1631 825 1721 Omphale
857 1635 988 1722 regina,
1017 1657 1099 1723 qnae
1129 1636 1171 1702 ibi

50 1723 211 1807 regnabat,
255 1717 358 1784 multis
390 1727 518 1785 ornatus
546 1717 745 1800 muneribus,
789 1721 894 1822 Argos
927 1732 979 1789 est
1014 1723 1214 1788 remissusto

50 1806 136 1874 Gu'us
168 1803 265 1871 etiam
296 1823 405 1870 amore
433 1802 727 1870 tanr'vehementer
760 1816 809 1874 est
842 1827 1009 1885 meeusus,
1049 1807 1173 1876 ut'eoli

46 1889 188 1960 debentes
211 1885 365 1956 enodaret
385 1900 585 1966 contractus,
626 1899 658 1954 et
678 1888 789 1975 pollice
812 1889 872 1959 fusi
893 1902 1014 1959 rotaret
1043 1893 1172 1980 vertigi-

42 1997 114 2044 nem.
158 1972 317 2042 Hercules
337 1967 449 2059 ipsine
469 1973 579 2049 κλέος,
615 1973 771 2039 oie-orem
787 1973 937 2062 [ortium
960 1973 1062 2058 famo
1095 1976 1173 2058 diei·

41 2073 103 2148 tur;
137 2053 291 2147 decide
311 2056 504 2124 umbilicus.
545 2055 662 2123 Libido
685 2059 767 2124 enirn
797 2060 828 2126 in
863 2061 1007 2126 umbilico
1030 2060 1171 2128 domina·
1304 2131 1307 2134 ,

39 2159 84 2214 tur
96 2089 290 2214 mutieribus.
332 2142 428 2208 Unde
441 2139 627 2219 ostenditur,
648 2142 734 2229 quod
751 2143 848 2210 libide
865 2146 1004 2230 quamvis
1024 2145 1215 2218 invictumne
1270 2186 1273 2191 ·

37 2235 134 2321 possit
154 2250 306 2332 superare
327 2229 488 2307 virtutem3
510 2227 584 2315 quia
606 2249 700 2314 quem
722 2228 829 2296 muudi
844 2229 1031 2317 magnitudo
1047 2231 1185 2298 vinceret

36 2341 95 2386 non
116 2327 240 2409 petunt,
260 2311 395 2382 libidinis
414 2310 511 2381 ardor
531 2311 697 2402 oppressit.
1229 2331 1234 2342 ¹

436 2481 528 2558 ase.
593 2485 765 2586 eryx.

110 2614 222 2708 Eryx,
256 2613 390 2681 Veneris
410 2625 443 2681 et
462 2614 584 2694 Butae,
622 2612 800 2680 secuudum
832 2611 927 2694 altos,
968 2611 1110 2703 Neptuni
1139 2628 1171 2684 0⁸
1278 2614 1283 2696 ¹,

30 2703 163 2771 Veneris
184 2701 265 2767 filius
287 2699 355 2766 fuit.
409 2698 474 2775 Qui
501 2710 692 2787 praepotens
722 2699 854 2778 viribus,
889 2696 1027 2767 advenas
1049 2695 1214 2789 pont-an·

29 2792 147 2869 cahat,
180 2789 343 2873 victosque
362 2783 546 2873 perimebat
588 2784 669 2866 Qut,
700 2785 831 2852 occisus.
849 2785 891 2848 ab
909 2785 1051 2862 Hercule
1071 2724 1091 2876 1

30 2889 61 2942 et
80 2877 187 2963 ipsum
212 2881 434 2961 provocasset,
466 2868 563 2935 monti
592 2891 630 2934 ex
660 2869 822 2962 sepultura
842 2890 902 2934 sua
924 2891 1038 2959 nomen
1067 2875 1168 2965 impo-

28 2961 110 3044 suit,
131 2961 164 3026 in
187 2980 252 3048 qno
272 2957 363 3030 matri
382 2954 475 3022 etiam
499 2953 614 3059 Veneri
633 2953 783 3041 templum
806 2965 1035 3025 construxerat.

214 3119 216 3126 ’
283 3199 285 3204 ,
409 3117 502 3222 mr,
562 3119 797 3194 nastris.

25 3337 35 3354 ·
113 3249 235 3320 Busiris
257 3228 314 3317 rex
335 3247 395 3317 suit
409 3247 560 3400 Aegypti.
614 3248 678 3324 Qui
699 3267 797 3335 quum
831 3260 998 3338 susceptos
1028 3231 1211 3352 hospitesto

25 3338 192 3404 rmmolare
212 3337 323 3405 soltus
343 3345 446 3414 esset,
468 3358 488 3400 a
533 3333 694 3414 Hercule,
723 3350 821 3422 quem
843 3356 916 3404 eum
938 3336 1033 3406 etiam
1055 3337 1168 3406 colum-

23 3434 82 3492 εει
108 3423 271 3504 cecidere,
298 3423 482 3490 interemtus
506 3429 563 3487 est.
614 3479 618 3492 ,
704 3449 706 3454 ·
901 3445 904 3458 ·

194 3587 199 3606 ⁸
278 3623 281 3628 .
365 3557 458 3634 158.
525 3552 956 3632 Hercules.

114 3689 273 3758 Hercules
294 3687 482 3774 Megaram,
513 3673 661 3753 Creontis
689 3685 837 3752 'luebant
865 3653 979 3772 filiam,
1006 3683 1167 3770 stupravit.
1208 3711 1214 3726 .

27 3771 80 3839 De
106 3785 175 3864 'qua
204 3775 346 3864 suscepit
373 3777 487 3844 Aream
514 3781 547 3838 et
575 3769 821 3853 Creontiadem,
857 3793 937 3860 quos
963 3769 1093 3856 Iunonis
1121 3770 1210 3842 in-as

28 3859 145 3928 stinctu
166 3863 275 3930 lurore
298 3873 461 3950 coemptus
483 3855 608 3926 occidit.
998 3879 1004 3890 ⁸

402 4011 495 4088 159.
552 4005 792 4112 Eurytus.
885 3995 889 4004 λ
952 3955 955 3962 ·

115 4141 275 4234 Eurytus,
308 4166 362 4212 rex
384 4139 576 4221 Oechaliae,
606 4138 695 4206 Iolen
720 4135 814 4201 liliam
836 4131 1007 4225 denegavit
1038 4135 1169 4222 Herculi

64 4231 352 4318 misprenderem,
383 4227 457 4295 ideo
478 4225 564 4318 quod
587 4243 657 4294 mm
679 4223 783 4290 luerat
814 4219 1016 4304 dehortatus,
1050 4222 1169 4296 dicans

1094 2811 1169 2856 uum
1294 2817 1296 2826 “
