<?xml version="1.0" encoding="UTF-8"?>
<!DOCTYPE html PUBLIC "-//W3C//DTD XHTML 1.0 Transitional//EN"
    "http://www.w3.org/TR/xhtml1/DTD/xhtml1-transitional.dtd">
<html xmlns="http://www.w3.org/1999/xhtml" xml:lang="en" lang="en">
 <head>
  <title>
</title>
<meta http-equiv="Content-Type" content="text/html;charset=utf-8" />
  <meta name='ocr-system' content='tesseract 3.04.00' />
  <meta name='ocr-capabilities' content='ocr_page ocr_carea ocr_par ocr_line ocrx_word'/>
</head>
<body>
  <div class='ocr_page' id='page_1' title='image "./scriptoresrerum01bodegoog_0226.png"; bbox 0 0 2698 4804; ppageno 0'>
   <div class='ocr_carea' id='block_1_1' title="bbox 289 105 1172 276">
    <p class='ocr_par' dir='ltr' id='par_1_1' title="bbox 289 105 1172 276">
     <span class='ocr_line' id='line_1_1' title="bbox 289 105 1172 276; baseline -0.001 -26"><span class='ocrx_word' id='word_1_1' title='bbox 289 105 299 240; x_wconf 30' lang='lat'>&#39;1</span> <span class='ocrx_word' id='word_1_2' title='bbox 366 169 645 276; x_wconf 64' lang='lat' dir='ltr'>septuagena</span> <span class='ocrx_word' id='word_1_3' title='bbox 682 113 760 246; x_wconf 58' lang='lat' dir='ltr'>&#39;rs</span> <span class='ocrx_word' id='word_1_4' title='bbox 794 173 835 249; x_wconf 82' lang='lat' dir='ltr'>r.</span> <span class='ocrx_word' id='word_1_5' title='bbox 968 111 1008 133; x_wconf 63' lang='grc'>”</span> <span class='ocrx_word' id='word_1_6' title='bbox 1092 129 1172 249; x_wconf 77' lang='lat' dir='ltr'>rae</span> 
     </span>
    </p>
   </div>
   <div class='ocr_carea' id='block_1_2' title="bbox 81 319 1171 446">
    <p class='ocr_par' dir='ltr' id='par_1_2' title="bbox 81 319 1171 446">
     <span class='ocr_line' id='line_1_2' title="bbox 81 319 1171 446; baseline 0.006 -29"><span class='ocrx_word' id='word_1_7' title='bbox 81 319 170 419; x_wconf 67' lang='lat' dir='ltr'>anore&#39;</span> <span class='ocrx_word' id='word_1_8' title='bbox 188 355 290 423; x_wconf 83' lang='lat' dir='ltr'>dicum</span> <span class='ocrx_word' id='word_1_9' title='bbox 320 354 503 423; x_wconf 88' lang='lat' dir='ltr'>intabuisse.</span> <span class='ocrx_word' id='word_1_10' title='bbox 554 354 771 444; x_wconf 73' lang='lat' dir='ltr'>&#39;Elundemque</span> <span class='ocrx_word' id='word_1_11' title='bbox 807 356 895 446; x_wconf 88' lang='lat' dir='ltr'>ajunt</span> <span class='ocrx_word' id='word_1_12' title='bbox 930 376 1022 424; x_wconf 87' lang='lat' dir='ltr'>usum</span> <span class='ocrx_word' id='word_1_13' title='bbox 1061 379 1171 423; x_wconf 88' lang='lat' dir='ltr'>serrae</span> 
     </span>
    </p>
   </div>
   <div class='ocr_carea' id='block_1_3' title="bbox 8 439 1325 4285">
    <p class='ocr_par' dir='ltr' id='par_1_3' title="bbox 24 439 1291 957">
     <span class='ocr_line' id='line_1_3' title="bbox 79 439 1171 532; baseline 0.008 -31"><span class='ocrx_word' id='word_1_14' title='bbox 79 439 234 526; x_wconf 78' lang='lat' dir='ltr'>repperisse.</span> <span class='ocrx_word' id='word_1_15' title='bbox 283 441 359 510; x_wconf 81' lang='lat' dir='ltr'>Fuit</span> <span class='ocrx_word' id='word_1_16' title='bbox 388 445 494 508; x_wconf 86' lang='lat' dir='ltr'>autern</span> <span class='ocrx_word' id='word_1_17' title='bbox 526 451 560 507; x_wconf 92' lang='lat' dir='ltr'>et</span> <span class='ocrx_word' id='word_1_18' title='bbox 589 440 643 508; x_wconf 90' lang='lat' dir='ltr'>bic</span> <span class='ocrx_word' id='word_1_19' title='bbox 670 453 816 525; x_wconf 90' lang='lat' dir='ltr'>venator,</span> <span class='ocrx_word' id='word_1_20' title='bbox 856 441 909 532; x_wconf 85' lang='lat' dir='ltr'>qui</span> <span class='ocrx_word' id='word_1_21' title='bbox 941 443 1016 511; x_wconf 91' lang='lat' dir='ltr'>item</span> <span class='ocrx_word' id='word_1_22' title='bbox 1039 443 1171 530; x_wconf 88' lang='lat' dir='ltr'>grav&#39;em</span> 
     </span>
     <span class='ocr_line' id='line_1_4' title="bbox 78 526 1169 614; baseline 0.009 -29"><span class='ocrx_word' id='word_1_23' title='bbox 78 526 176 590; x_wconf 87' lang='lat' dir='ltr'>venatui</span> <span class='ocrx_word' id='word_1_24' title='bbox 210 527 346 601; x_wconf 87' lang='lat' dir='ltr'>laborem</span> <span class='ocrx_word' id='word_1_25' title='bbox 388 527 612 614; x_wconf 90' lang='lat' dir='ltr'>minimumque</span> <span class='ocrx_word' id='word_1_26' title='bbox 651 526 789 602; x_wconf 78' lang='lat' dir='ltr'>fructum</span> <span class='ocrx_word' id='word_1_27' title='bbox 822 528 927 599; x_wconf 85' lang='lat' dir='ltr'>inesse·</span> <span class='ocrx_word' id='word_1_28' title='bbox 962 552 1031 594; x_wconf 91' lang='lat' dir='ltr'>com</span> <span class='ocrx_word' id='word_1_29' title='bbox 1056 529 1169 610; x_wconf 86' lang='lat' dir='ltr'>oriens,</span> 
     </span>
     <span class='ocr_line' id='line_1_5' title="bbox 24 607 1291 704; baseline 0.006 -34"><span class='ocrx_word' id='word_1_30' title='bbox 24 609 38 630; x_wconf 86' lang='grc'><strong>”</strong></span> <span class='ocrx_word' id='word_1_31' title='bbox 74 607 189 696; x_wconf 81' lang='lat' dir='ltr'>aliosque</span> <span class='ocrx_word' id='word_1_32' title='bbox 208 626 384 692; x_wconf 84' lang='lat' dir='ltr'>venatores,</span> <span class='ocrx_word' id='word_1_33' title='bbox 416 624 528 701; x_wconf 83' lang='lat' dir='ltr'>utpote</span> <span class='ocrx_word' id='word_1_34' title='bbox 551 615 762 693; x_wconf 77' lang='lat' dir='ltr'>Actaeonem,</span> <span class='ocrx_word' id='word_1_35' title='bbox 792 613 934 681; x_wconf 81' lang='lat' dir='ltr'>Adonem</span> <span class='ocrx_word' id='word_1_36' title='bbox 957 626 991 680; x_wconf 88' lang='lat' dir='ltr'>et</span> <span class='ocrx_word' id='word_1_37' title='bbox 1046 613 1177 704; x_wconf 67' lang='lat' dir='ltr'>ippoly-&#39;</span> <span class='ocrx_word' id='word_1_38' title='bbox 1288 631 1291 636; x_wconf 84' lang='lat'>&#39;</span> 
     </span>
     <span class='ocr_line' id='line_1_6' title="bbox 72 695 1194 788; baseline 0.008 -33"><span class='ocrx_word' id='word_1_39' title='bbox 72 703 122 756; x_wconf 90' lang='lat' dir='ltr'>turn</span> <span class='ocrx_word' id='word_1_40' title='bbox 141 695 178 760; x_wconf 88' lang='lat' dir='ltr'>ad</span> <span class='ocrx_word' id='word_1_41' title='bbox 196 697 312 766; x_wconf 80' lang='lat' dir='ltr'>tristem</span> <span class='ocrx_word' id='word_1_42' title='bbox 335 697 442 780; x_wconf 84' lang='lat' dir='ltr'>ridens</span> <span class='ocrx_word' id='word_1_43' title='bbox 460 699 588 764; x_wconf 78' lang='lat' dir='ltr'>&#39;exitum</span> <span class='ocrx_word' id='word_1_44' title='bbox 611 696 795 779; x_wconf 88' lang='lat' dir='ltr'>devenisse,</span> <span class='ocrx_word' id='word_1_45' title='bbox 835 700 933 788; x_wconf 84' lang='lat' dir='ltr'>priori</span> <span class='ocrx_word' id='word_1_46' title='bbox 953 698 1065 766; x_wconf 89' lang='lat' dir='ltr'>itidem</span> <span class='ocrx_word' id='word_1_47' title='bbox 1087 701 1194 765; x_wconf 79' lang='lat' dir='ltr'>vitaeo</span> 
     </span>
     <span class='ocr_line' id='line_1_7' title="bbox 70 781 1206 876; baseline 0.011 -38"><span class='ocrx_word' id='word_1_48' title='bbox 70 781 249 861; x_wconf 78' lang='lat' dir='ltr'>renuntiavit,-</span> <span class='ocrx_word' id='word_1_49' title='bbox 278 797 310 852; x_wconf 88' lang='lat' dir='ltr'>et</span> <span class='ocrx_word' id='word_1_50' title='bbox 342 782 556 870; x_wconf 79' lang='lat' dir='ltr'>agriculturae</span> <span class='ocrx_word' id='word_1_51' title='bbox 594 806 724 852; x_wconf 88' lang='lat' dir='ltr'>oeram</span> <span class='ocrx_word' id='word_1_52' title='bbox 759 785 945 873; x_wconf 89' lang='lat' dir='ltr'>impendens</span> <span class='ocrx_word' id='word_1_53' title='bbox 972 786 1005 852; x_wconf 84' lang='lat' dir='ltr'>iu</span> <span class='ocrx_word' id='word_1_54' title='bbox 1033 793 1072 852; x_wconf 78' lang='lat' dir='ltr'>e‘a</span> <span class='ocrx_word' id='word_1_55' title='bbox 1095 786 1170 876; x_wconf 87' lang='lat' dir='ltr'>jugi</span> <span class='ocrx_word' id='word_1_56' title='bbox 1200 799 1206 809; x_wconf 67' lang='lat'><em>¹</em></span> 
     </span>
     <span class='ocr_line' id='line_1_8' title="bbox 68 860 1170 957; baseline 0.012 -34"><span class='ocrx_word' id='word_1_57' title='bbox 68 860 278 956; x_wconf 84' lang='lat' dir='ltr'>laboransque</span> <span class='ocrx_word' id='word_1_58' title='bbox 307 868 349 936; x_wconf 87' lang='lat' dir='ltr'>ad</span> <span class='ocrx_word' id='word_1_59' title='bbox 379 870 514 936; x_wconf 82' lang='lat' dir='ltr'>maciem</span> <span class='ocrx_word' id='word_1_60' title='bbox 543 891 601 956; x_wconf 89' lang='lat' dir='ltr'>per</span> <span class='ocrx_word' id='word_1_61' title='bbox 626 883 717 940; x_wconf 89' lang='lat' dir='ltr'>uetus</span> <span class='ocrx_word' id='word_1_62' title='bbox 746 883 817 946; x_wconf 62' lang='lat' dir='ltr'>est,</span> <span class='ocrx_word' id='word_1_63' title='bbox 854 868 951 937; x_wconf 82' lang='lat' dir='ltr'>Unde</span> <span class='ocrx_word' id='word_1_64' title='bbox 972 883 1005 957; x_wconf 82' lang='lat' dir='ltr'>et</span> <span class='ocrx_word' id='word_1_65' title='bbox 1025 882 1170 951; x_wconf 87' lang='lat' dir='ltr'>matrem,</span> 
     </span>
    </p>

    <p class='ocr_par' dir='ltr' id='par_1_4' title="bbox 63 946 1294 1382">
     <span class='ocr_line' id='line_1_9' title="bbox 67 946 1171 1040; baseline 0.014 -32"><span class='ocrx_word' id='word_1_66' title='bbox 67 946 91 1010; x_wconf 90' lang='lat' dir='ltr'>id</span> <span class='ocrx_word' id='word_1_67' title='bbox 109 963 151 1016; x_wconf 89' lang='lat' dir='ltr'>est</span> <span class='ocrx_word' id='word_1_68' title='bbox 168 962 298 1034; x_wconf 89' lang='lat' dir='ltr'>terram,</span> <span class='ocrx_word' id='word_1_69' title='bbox 320 955 463 1024; x_wconf 78' lang='lat' dir='ltr'>omnium*</span> <span class='ocrx_word' id='word_1_70' title='bbox 481 954 693 1040; x_wconf 79' lang='lat' dir='ltr'>genetricem,</span> <span class='ocrx_word' id='word_1_71' title='bbox 725 954 840 1022; x_wconf 89' lang='lat' dir='ltr'>dicitur</span> <span class='ocrx_word' id='word_1_72' title='bbox 868 953 1031 1022; x_wconf 89' lang='lat' dir='ltr'>amavisse.</span> <span class='ocrx_word' id='word_1_73' title='bbox 1075 957 1171 1024; x_wconf 88' lang='lat' dir='ltr'>Haeo</span> 
     </span>
     <span class='ocr_line' id='line_1_10' title="bbox 66 1033 1168 1130; baseline 0.015 -39"><span class='ocrx_word' id='word_1_74' title='bbox 66 1033 141 1100; x_wconf 89' lang='lat' dir='ltr'>etiam</span> <span class='ocrx_word' id='word_1_75' title='bbox 161 1033 336 1130; x_wconf 86' lang='lat' dir='ltr'>Polycarpe</span> <span class='ocrx_word' id='word_1_76' title='bbox 353 1038 443 1122; x_wconf 27' lang='lat' dir='ltr'>,dicto</span> <span class='ocrx_word' id='word_1_77' title='bbox 464 1051 523 1129; x_wconf 81' lang='lat' dir='ltr'>est,</span> <span class='ocrx_word' id='word_1_78' title='bbox 546 1038 632 1127; x_wconf 86' lang='lat' dir='ltr'>quod</span> <span class='ocrx_word' id='word_1_79' title='bbox 653 1039 760 1104; x_wconf 84' lang='lat' dir='ltr'>multi</span> <span class='ocrx_word' id='word_1_80' title='bbox 777 1039 920 1128; x_wconf 68' lang='lat' dir='ltr'>fructus</span> <span class='ocrx_word' id='word_1_81' title='bbox 934 1039 1168 1130; x_wconf 86' lang='lat' dir='ltr'>interpretetur.</span> 
     </span>
     <span class='ocr_line' id='line_1_11' title="bbox 65 1116 1238 1208; baseline 0.009 -29"><span class='ocrx_word' id='word_1_82' title='bbox 65 1116 150 1186; x_wconf 83' lang='lat' dir='ltr'>&#39;Perre</span> <span class='ocrx_word' id='word_1_83' title='bbox 183 1126 262 1192; x_wconf 91' lang='lat' dir='ltr'>enim</span> <span class='ocrx_word' id='word_1_84' title='bbox 280 1195 281 1198; x_wconf 51' lang='lat'>,</span> <span class='ocrx_word' id='word_1_85' title='bbox 302 1125 423 1192; x_wconf 86' lang='lat' dir='ltr'>fructos</span> <span class='ocrx_word' id='word_1_86' title='bbox 439 1191 440 1197; x_wconf 67' lang='grc'>,</span> <span class='ocrx_word' id='word_1_87' title='bbox 459 1135 547 1190; x_wconf 90' lang='lat' dir='ltr'>creat</span> <span class='ocrx_word' id='word_1_88' title='bbox 583 1126 753 1192; x_wconf 89' lang='lat' dir='ltr'>universos.</span> <span class='ocrx_word' id='word_1_89' title='bbox 801 1125 903 1200; x_wconf 70' lang='lat' dir='ltr'>outa</span> <span class='ocrx_word' id='word_1_90' title='bbox 933 1148 1008 1208; x_wconf 74' lang='lat' dir='ltr'>pero</span> <span class='ocrx_word' id='word_1_91' title='bbox 1042 1126 1238 1194; x_wconf 88' lang='lat' dir='ltr'>cunctislo&#39;</span> 
     </span>
     <span class='ocr_line' id='line_1_12' title="bbox 63 1207 1294 1300; baseline 0.008 -34"><span class='ocrx_word' id='word_1_92' title='bbox 63 1207 241 1300; x_wconf 77' lang='lat' dir='ltr'>yenatoribus&#39;</span> <span class='ocrx_word' id='word_1_93' title='bbox 259 1209 301 1276; x_wconf 90' lang='lat' dir='ltr'>de</span> <span class='ocrx_word' id='word_1_94' title='bbox 319 1212 470 1299; x_wconf 83' lang='lat' dir='ltr'>pristinae</span> <span class='ocrx_word' id='word_1_95' title='bbox 501 1210 576 1276; x_wconf 86' lang='lat' dir='ltr'>artis</span> <span class='ocrx_word' id='word_1_96' title='bbox 606 1209 780 1298; x_wconf 90' lang='lat' dir='ltr'>opprobrio</span> <span class='ocrx_word' id='word_1_97' title='bbox 802 1209 1006 1290; x_wconf 79' lang='lat' dir='ltr'>detrahebat,</span> <span class='ocrx_word' id='word_1_98' title='bbox 1035 1233 1179 1292; x_wconf 65' lang='lat' dir='ltr'>serramp</span> <span class='ocrx_word' id='word_1_99' title='bbox 1289 1249 1294 1276; x_wconf 68' lang='lat' dir='ltr'>r</span> 
     </span>
     <span class='ocr_line' id='line_1_13' title="bbox 63 1285 770 1382; baseline 0.008 -28"><span class='ocrx_word' id='word_1_100' title='bbox 63 1285 87 1350; x_wconf 74' lang='lat' dir='ltr'>ld</span> <span class='ocrx_word' id='word_1_101' title='bbox 104 1302 145 1358; x_wconf 92' lang='lat' dir='ltr'>est</span> <span class='ocrx_word' id='word_1_102' title='bbox 160 1295 416 1382; x_wconf 75' lang='lat' dir='ltr'>maliloquium,</span> <span class='ocrx_word' id='word_1_103' title='bbox 451 1297 581 1382; x_wconf 91' lang='lat' dir='ltr'>lingitur</span> <span class='ocrx_word' id='word_1_104' title='bbox 609 1297 770 1362; x_wconf 90' lang='lat' dir='ltr'>invenisse.</span> 
     </span>
    </p>

    <p class='ocr_par' dir='ltr' id='par_1_5' title="bbox 37 1377 1325 3482">
     <span class='ocr_line' id='line_1_14' title="bbox 96 1377 1167 1469; baseline 0.002 -27"><span class='ocrx_word' id='word_1_105' title='bbox 96 1435 97 1442; x_wconf 74' lang='grc'>,</span> <span class='ocrx_word' id='word_1_106' title='bbox 128 1377 155 1442; x_wconf 84' lang='lat' dir='ltr'>l.</span> <span class='ocrx_word' id='word_1_107' title='bbox 192 1379 328 1455; x_wconf 86' lang='lat' dir='ltr'>Dianam</span> <span class='ocrx_word' id='word_1_108' title='bbox 360 1381 455 1448; x_wconf 89' lang='lat' dir='ltr'>etiam</span> <span class='ocrx_word' id='word_1_109' title='bbox 485 1403 511 1446; x_wconf 84' lang='lat' dir='ltr'>a</span> <span class='ocrx_word' id='word_1_110' title='bbox 540 1381 668 1462; x_wconf 77' lang='lat' dir='ltr'>eliaam,</span> <span class='ocrx_word' id='word_1_111' title='bbox 709 1380 796 1469; x_wconf 87' lang='lat' dir='ltr'>quod</span> <span class='ocrx_word' id='word_1_112' title='bbox 826 1390 900 1444; x_wconf 87' lang='lat' dir='ltr'>rete</span> <span class='ocrx_word' id='word_1_113' title='bbox 929 1380 1167 1468; x_wconf 91' lang='lat' dir='ltr'>interpretatur,</span> 
     </span>
     <span class='ocr_line' id='line_1_15' title="bbox 63 1454 1167 1554; baseline 0.011 -35"><span class='ocrx_word' id='word_1_114' title='bbox 63 1454 226 1549; x_wconf 80' lang='lat' dir='ltr'>Dictynnam</span> <span class='ocrx_word' id='word_1_115' title='bbox 246 1484 475 1554; x_wconf 88' lang='lat' dir='ltr'>nuncupamus,</span> <span class='ocrx_word' id='word_1_116' title='bbox 497 1465 665 1554; x_wconf 84' lang='lat' dir='ltr'>eidemque</span> <span class='ocrx_word' id='word_1_117' title='bbox 690 1488 761 1531; x_wconf 90' lang='lat' dir='ltr'>oum</span> <span class='ocrx_word' id='word_1_118' title='bbox 784 1466 908 1551; x_wconf 81' lang='lat' dir='ltr'>sagittis</span> <span class='ocrx_word' id='word_1_119' title='bbox 930 1489 1023 1531; x_wconf 91' lang='lat' dir='ltr'>arcus</span> <span class='ocrx_word' id='word_1_120' title='bbox 1042 1464 1167 1544; x_wconf 89' lang='lat' dir='ltr'>damus,</span> 
     </span>
     <span class='ocr_line' id='line_1_16' title="bbox 65 1544 1207 1640; baseline 0.006 -33"><span class='ocrx_word' id='word_1_121' title='bbox 65 1545 118 1626; x_wconf 79' lang='lat' dir='ltr'>yria</span> <span class='ocrx_word' id='word_1_122' title='bbox 136 1563 316 1632; x_wconf 76' lang='lat' dir='ltr'>venatores,</span> <span class='ocrx_word' id='word_1_123' title='bbox 351 1544 466 1640; x_wconf 80' lang='lat' dir='ltr'>quibus</span> <span class='ocrx_word' id='word_1_124' title='bbox 494 1545 639 1639; x_wconf 79' lang='lat' dir='ltr'>praeest,</span> <span class='ocrx_word' id='word_1_125' title='bbox 678 1552 725 1617; x_wconf 90' lang='lat' dir='ltr'>his</span> <span class='ocrx_word' id='word_1_126' title='bbox 750 1562 887 1618; x_wconf 91' lang='lat' dir='ltr'>utuntur.</span> <span class='ocrx_word' id='word_1_127' title='bbox 929 1549 1026 1625; x_wconf 84' lang='lat' dir='ltr'>Quod</span> <span class='ocrx_word' id='word_1_128' title='bbox 1048 1572 1123 1616; x_wconf 91' lang='lat' dir='ltr'>vero</span> <span class='ocrx_word' id='word_1_129' title='bbox 1145 1565 1207 1616; x_wconf 80' lang='lat' dir='ltr'>aro</span> 
     </span>
     <span class='ocr_line' id='line_1_17' title="bbox 61 1624 1165 1725; baseline 0.009 -34"><span class='ocrx_word' id='word_1_130' title='bbox 61 1624 116 1696; x_wconf 91' lang='lat' dir='ltr'>luna</span> <span class='ocrx_word' id='word_1_131' title='bbox 133 1633 347 1703; x_wconf 87' lang='lat' dir='ltr'>humiditatem</span> <span class='ocrx_word' id='word_1_132' title='bbox 378 1631 474 1703; x_wconf 67' lang='lat' dir='ltr'>r&#39;ebus</span> <span class='ocrx_word' id='word_1_133' title='bbox 501 1639 668 1725; x_wconf 89' lang='lat' dir='ltr'>provenire</span> <span class='ocrx_word' id='word_1_134' title='bbox 691 1636 844 1715; x_wconf 81' lang='lat' dir='ltr'>diximus,</span> <span class='ocrx_word' id='word_1_135' title='bbox 882 1635 1022 1723; x_wconf 84' lang='lat' dir='ltr'>Remigii</span> <span class='ocrx_word' id='word_1_136' title='bbox 1042 1636 1165 1703; x_wconf 89' lang='lat' dir='ltr'>videtur</span> 
     </span>
     <span class='ocr_line' id='line_1_18' title="bbox 59 1720 1165 1810; baseline 0.012 -36"><span class='ocrx_word' id='word_1_137' title='bbox 59 1720 221 1786; x_wconf 89' lang='lat' dir='ltr'>auctoritate</span> <span class='ocrx_word' id='word_1_138' title='bbox 241 1721 373 1788; x_wconf 86' lang='lat' dir='ltr'>firmari.</span> <span class='ocrx_word' id='word_1_139' title='bbox 416 1723 540 1788; x_wconf 83' lang='lat' dir='ltr'>Gldbus</span> <span class='ocrx_word' id='word_1_140' title='bbox 562 1724 663 1797; x_wconf 87' lang='lat' dir='ltr'>enirn,</span> <span class='ocrx_word' id='word_1_141' title='bbox 684 1723 800 1809; x_wconf 88' lang='lat' dir='ltr'>inquit,</span> <span class='ocrx_word' id='word_1_142' title='bbox 822 1723 915 1787; x_wconf 90' lang='lat' dir='ltr'>lunae</span> <span class='ocrx_word' id='word_1_143' title='bbox 936 1723 1029 1789; x_wconf 87' lang='lat' dir='ltr'>veluti</span> <span class='ocrx_word' id='word_1_144' title='bbox 1050 1744 1165 1810; x_wconf 89' lang='lat' dir='ltr'>specu-</span> 
     </span>
     <span class='ocr_line' id='line_1_19' title="bbox 57 1794 1325 1896; baseline 0.008 -32"><span class='ocrx_word' id='word_1_145' title='bbox 57 1794 104 1864; x_wconf 91' lang='lat' dir='ltr'>hm</span> <span class='ocrx_word' id='word_1_146' title='bbox 122 1825 157 1869; x_wconf 85' lang='lat' dir='ltr'>cx</span> <span class='ocrx_word' id='word_1_147' title='bbox 178 1829 256 1873; x_wconf 87' lang='lat' dir='ltr'>rore</span> <span class='ocrx_word' id='word_1_148' title='bbox 279 1818 427 1874; x_wconf 88' lang='lat' dir='ltr'>constare</span> <span class='ocrx_word' id='word_1_149' title='bbox 461 1807 584 1874; x_wconf 88' lang='lat' dir='ltr'>dicitur.</span> <span class='ocrx_word' id='word_1_150' title='bbox 638 1807 733 1873; x_wconf 92' lang='lat' dir='ltr'>Unde</span> <span class='ocrx_word' id='word_1_151' title='bbox 762 1821 794 1874; x_wconf 91' lang='lat' dir='ltr'>et</span> <span class='ocrx_word' id='word_1_152' title='bbox 822 1808 1005 1876; x_wconf 87' lang='lat' dir='ltr'>humoribus</span> <span class='ocrx_word' id='word_1_153' title='bbox 1037 1820 1166 1896; x_wconf 87' lang='lat' dir='ltr'>praeest</span> <span class='ocrx_word' id='word_1_154' title='bbox 1323 1869 1325 1874; x_wconf 83' lang='grc'>.</span> 
     </span>
     <span class='ocr_line' id='line_1_20' title="bbox 56 1890 1281 1981; baseline 0.011 -34"><span class='ocrx_word' id='word_1_155' title='bbox 56 1893 80 1947; x_wconf 86' lang='lat' dir='ltr'>et</span> <span class='ocrx_word' id='word_1_156' title='bbox 106 1891 285 1981; x_wconf 81' lang='lat' dir='ltr'>susceptum</span> <span class='ocrx_word' id='word_1_157' title='bbox 328 1893 400 1960; x_wconf 88' lang='lat' dir='ltr'>solis</span> <span class='ocrx_word' id='word_1_158' title='bbox 432 1893 631 1981; x_wconf 80' lang='lat' dir='ltr'>splendorem</span> <span class='ocrx_word' id='word_1_159' title='bbox 669 1890 845 1974; x_wconf 80' lang='lat' dir='ltr'>revibrare,</span> <span class='ocrx_word' id='word_1_160' title='bbox 888 1891 921 1958; x_wconf 92' lang='lat' dir='ltr'>id</span> <span class='ocrx_word' id='word_1_161' title='bbox 952 1905 1001 1961; x_wconf 83' lang='lat' dir='ltr'>&#39;est</span> <span class='ocrx_word' id='word_1_162' title='bbox 1026 1892 1166 1958; x_wconf 91' lang='lat' dir='ltr'>reddere</span> <span class='ocrx_word' id='word_1_163' title='bbox 1205 1923 1208 1931; x_wconf 91' lang='lat'>·</span> <span class='ocrx_word' id='word_1_164' title='bbox 1279 1955 1281 1960; x_wconf 83' lang='lat'>.</span> 
     </span>
     <span class='ocr_line' id='line_1_21' title="bbox 54 1978 1298 2068; baseline 0.002 -32"><span class='ocrx_word' id='word_1_165' title='bbox 54 1982 146 2051; x_wconf 77' lang='lat' dir='ltr'>potest.</span> <span class='ocrx_word' id='word_1_166' title='bbox 200 1979 331 2044; x_wconf 87' lang='lat' dir='ltr'>Dicitur</span> <span class='ocrx_word' id='word_1_167' title='bbox 357 1991 392 2046; x_wconf 89' lang='lat' dir='ltr'>et</span> <span class='ocrx_word' id='word_1_168' title='bbox 417 1978 512 2044; x_wconf 76' lang='lat' dir='ltr'>Lama</span> <span class='ocrx_word' id='word_1_169' title='bbox 549 1980 675 2046; x_wconf 88' lang='lat' dir='ltr'>sistrum</span> <span class='ocrx_word' id='word_1_170' title='bbox 706 1979 826 2046; x_wconf 86' lang='lat' dir='ltr'>habere</span> <span class='ocrx_word' id='word_1_171' title='bbox 855 1980 988 2066; x_wconf 84' lang='lat' dir='ltr'>propter</span> <span class='ocrx_word' id='word_1_172' title='bbox 1029 1979 1207 2068; x_wconf 70' lang='lat' dir='ltr'>primumeo</span> <span class='ocrx_word' id='word_1_173' title='bbox 1287 2005 1298 2024; x_wconf 89' lang='lat'>··</span> 
     </span>
     <span class='ocr_line' id='line_1_22' title="bbox 52 2059 1165 2151; baseline 0 -22"><span class='ocrx_word' id='word_1_174' title='bbox 52 2059 130 2129; x_wconf 79' lang='lat' dir='ltr'>mund</span> <span class='ocrx_word' id='word_1_175' title='bbox 150 2083 207 2128; x_wconf 88' lang='lat' dir='ltr'>nae</span> <span class='ocrx_word' id='word_1_176' title='bbox 227 2063 414 2130; x_wconf 88' lang='lat' dir='ltr'>barmoniae</span> <span class='ocrx_word' id='word_1_177' title='bbox 443 2077 570 2144; x_wconf 89' lang='lat' dir='ltr'>tonum,</span> <span class='ocrx_word' id='word_1_178' title='bbox 605 2064 658 2151; x_wconf 87' lang='lat' dir='ltr'>qui</span> <span class='ocrx_word' id='word_1_179' title='bbox 689 2078 827 2130; x_wconf 73' lang='lat' dir='ltr'>eterra</span> <span class='ocrx_word' id='word_1_180' title='bbox 856 2085 959 2150; x_wconf 91' lang='lat' dir='ltr'>usque</span> <span class='ocrx_word' id='word_1_181' title='bbox 987 2062 1029 2130; x_wconf 90' lang='lat' dir='ltr'>ad</span> <span class='ocrx_word' id='word_1_182' title='bbox 1057 2065 1165 2132; x_wconf 89' lang='lat' dir='ltr'>lunam</span> 
     </span>
     <span class='ocr_line' id='line_1_23' title="bbox 52 2149 1287 2237; baseline -0.001 -23"><span class='ocrx_word' id='word_1_183' title='bbox 52 2152 97 2208; x_wconf 64' lang='lat' dir='ltr'>esi·</span> <span class='ocrx_word' id='word_1_184' title='bbox 171 2161 200 2214; x_wconf 88' lang='lat' dir='ltr'>st</span> <span class='ocrx_word' id='word_1_185' title='bbox 221 2161 332 2216; x_wconf 88' lang='lat' dir='ltr'>autem</span> <span class='ocrx_word' id='word_1_186' title='bbox 356 2149 482 2214; x_wconf 86' lang='lat' dir='ltr'>sistrum</span> <span class='ocrx_word' id='word_1_187' title='bbox 502 2171 607 2237; x_wconf 91' lang='lat' dir='ltr'>genus</span> <span class='ocrx_word' id='word_1_188' title='bbox 630 2149 797 2232; x_wconf 79' lang='lat' dir='ltr'>tubaevel</span> <span class='ocrx_word' id='word_1_189' title='bbox 820 2151 950 2234; x_wconf 80' lang='lat' dir='ltr'>organi,</span> <span class='ocrx_word' id='word_1_190' title='bbox 984 2171 1047 2236; x_wconf 87' lang='lat' dir='ltr'>quo</span> <span class='ocrx_word' id='word_1_191' title='bbox 1069 2161 1165 2216; x_wconf 88' lang='lat' dir='ltr'>utun·</span> <span class='ocrx_word' id='word_1_192' title='bbox 1255 2165 1287 2204; x_wconf 55' lang='grc' dir='ltr'><strong>Ἃ</strong></span> 
     </span>
     <span class='ocr_line' id='line_1_24' title="bbox 51 2230 1167 2324; baseline 0.013 -39"><span class='ocrx_word' id='word_1_193' title='bbox 51 2234 91 2288; x_wconf 92' lang='lat' dir='ltr'>tur</span> <span class='ocrx_word' id='word_1_194' title='bbox 108 2237 223 2300; x_wconf 87' lang='lat' dir='ltr'>tontum</span> <span class='ocrx_word' id='word_1_195' title='bbox 247 2235 416 2324; x_wconf 84' lang='lat' dir='ltr'>Aegyptii,</span> <span class='ocrx_word' id='word_1_196' title='bbox 444 2237 531 2322; x_wconf 89' lang='lat' dir='ltr'>quod</span> <span class='ocrx_word' id='word_1_197' title='bbox 549 2236 581 2300; x_wconf 92' lang='lat' dir='ltr'>in</span> <span class='ocrx_word' id='word_1_198' title='bbox 597 2233 765 2301; x_wconf 90' lang='lat' dir='ltr'>simulacro</span> <span class='ocrx_word' id='word_1_199' title='bbox 785 2230 879 2298; x_wconf 86' lang='lat' dir='ltr'>Isidis</span> <span class='ocrx_word' id='word_1_200' title='bbox 902 2233 1167 2320; x_wconf 52' lang='lat' dir='ltr'>pingiturrfflst</span> 
     </span>
     <span class='ocr_line' id='line_1_25' title="bbox 50 2314 1277 2410; baseline 0.01 -38"><span class='ocrx_word' id='word_1_201' title='bbox 50 2319 135 2381; x_wconf 87' lang='lat' dir='ltr'>autern</span> <span class='ocrx_word' id='word_1_202' title='bbox 161 2315 239 2400; x_wconf 88' lang='lat' dir='ltr'>Isis,</span> <span class='ocrx_word' id='word_1_203' title='bbox 277 2332 315 2387; x_wconf 93' lang='lat' dir='ltr'>ut</span> <span class='ocrx_word' id='word_1_204' title='bbox 344 2320 389 2388; x_wconf 88' lang='lat' dir='ltr'>ait</span> <span class='ocrx_word' id='word_1_205' title='bbox 409 2319 556 2399; x_wconf 86' lang='lat' dir='ltr'>Servius,</span> <span class='ocrx_word' id='word_1_206' title='bbox 592 2318 714 2384; x_wconf 84' lang='lat' dir='ltr'>Genius</span> <span class='ocrx_word' id='word_1_207' title='bbox 735 2319 890 2410; x_wconf 85' lang='lat' dir='ltr'>Aegypti,</span> <span class='ocrx_word' id='word_1_208' title='bbox 926 2320 979 2406; x_wconf 89' lang='lat' dir='ltr'>qui</span> <span class='ocrx_word' id='word_1_209' title='bbox 1000 2338 1059 2406; x_wconf 89' lang='lat' dir='ltr'>per</span> <span class='ocrx_word' id='word_1_210' title='bbox 1079 2314 1166 2385; x_wconf 84' lang='lat' dir='ltr'>sistri</span> <span class='ocrx_word' id='word_1_211' title='bbox 1219 2335 1228 2356; x_wconf 68' lang='lat'>²</span> <span class='ocrx_word' id='word_1_212' title='bbox 1275 2336 1277 2340; x_wconf 88' lang='grc'><strong><em>·</em></strong></span> 
     </span>
     <span class='ocr_line' id='line_1_26' title="bbox 48 2403 1211 2494; baseline 0.002 -24"><span class='ocrx_word' id='word_1_213' title='bbox 48 2407 168 2482; x_wconf 74' lang='lat' dir='ltr'>motum,</span> <span class='ocrx_word' id='word_1_214' title='bbox 207 2403 300 2494; x_wconf 86' lang='lat' dir='ltr'>quod</span> <span class='ocrx_word' id='word_1_215' title='bbox 328 2403 361 2469; x_wconf 93' lang='lat' dir='ltr'>in</span> <span class='ocrx_word' id='word_1_216' title='bbox 394 2403 507 2486; x_wconf 83' lang='lat' dir='ltr'>dextra</span> <span class='ocrx_word' id='word_1_217' title='bbox 538 2403 637 2493; x_wconf 88' lang='lat' dir='ltr'>gerit,</span> <span class='ocrx_word' id='word_1_218' title='bbox 673 2403 737 2471; x_wconf 92' lang='lat' dir='ltr'>Nili</span> <span class='ocrx_word' id='word_1_219' title='bbox 772 2425 921 2470; x_wconf 87' lang='lat' dir='ltr'>accessus</span> <span class='ocrx_word' id='word_1_220' title='bbox 952 2415 984 2470; x_wconf 88' lang='lat' dir='ltr'>et</span> <span class='ocrx_word' id='word_1_221' title='bbox 1015 2406 1211 2472; x_wconf 75' lang='lat' dir='ltr'>recessusus&#39;</span> 
     </span>
     <span class='ocr_line' id='line_1_27' title="bbox 47 2479 1284 2580; baseline 0.008 -34"><span class='ocrx_word' id='word_1_222' title='bbox 47 2479 203 2568; x_wconf 60' lang='lat' dir='ltr'>significan</span> <span class='ocrx_word' id='word_1_223' title='bbox 225 2511 289 2580; x_wconf 84' lang='lat' dir='ltr'>per</span> <span class='ocrx_word' id='word_1_224' title='bbox 308 2487 433 2558; x_wconf 84' lang='lat' dir='ltr'>situlam</span> <span class='ocrx_word' id='word_1_225' title='bbox 453 2514 547 2569; x_wconf 91' lang='lat' dir='ltr'>vero,</span> <span class='ocrx_word' id='word_1_226' title='bbox 577 2513 672 2579; x_wconf 88' lang='lat' dir='ltr'>qnam</span> <span class='ocrx_word' id='word_1_227' title='bbox 692 2489 723 2556; x_wconf 94' lang='lat' dir='ltr'>in</span> <span class='ocrx_word' id='word_1_228' title='bbox 741 2491 864 2557; x_wconf 87' lang='lat' dir='ltr'>sinistra</span> <span class='ocrx_word' id='word_1_229' title='bbox 884 2500 990 2568; x_wconf 87' lang='lat' dir='ltr'>tenet,</span> <span class='ocrx_word' id='word_1_230' title='bbox 1022 2489 1162 2556; x_wconf 90' lang='lat' dir='ltr'>omnium</span> <span class='ocrx_word' id='word_1_231' title='bbox 1279 2549 1284 2556; x_wconf 92' lang='lat'>.</span> 
     </span>
     <span class='ocr_line' id='line_1_28' title="bbox 45 2561 1245 2664; baseline 0.01 -36"><span class='ocrx_word' id='word_1_232' title='bbox 45 2561 210 2640; x_wconf 87' lang='lat' dir='ltr'>lacunarum</span> <span class='ocrx_word' id='word_1_233' title='bbox 232 2570 402 2643; x_wconf 84' lang='lat' dir='ltr'>fluentiam</span> <span class='ocrx_word' id='word_1_234' title='bbox 423 2577 568 2644; x_wconf 87' lang='lat' dir='ltr'>ostendit.</span> <span class='ocrx_word' id='word_1_235' title='bbox 611 2577 697 2642; x_wconf 88' lang='lat' dir='ltr'>Sane</span> <span class='ocrx_word' id='word_1_236' title='bbox 717 2576 776 2642; x_wconf 86' lang='lat' dir='ltr'>Isis</span> <span class='ocrx_word' id='word_1_237' title='bbox 796 2575 905 2663; x_wconf 83' lang='lat' dir='ltr'>lingua</span> <span class='ocrx_word' id='word_1_238' title='bbox 933 2575 1162 2664; x_wconf 82' lang='lat' dir='ltr'>Aegyptiorum</span> <span class='ocrx_word' id='word_1_239' title='bbox 1243 2602 1245 2615; x_wconf 69' lang='lat'>¹</span> 
     </span>
     <span class='ocr_line' id='line_1_29' title="bbox 45 2659 1162 2748; baseline 0.011 -36"><span class='ocrx_word' id='word_1_240' title='bbox 45 2659 115 2720; x_wconf 87' lang='lat' dir='ltr'>terra</span> <span class='ocrx_word' id='word_1_241' title='bbox 132 2671 196 2738; x_wconf 84' lang='lat' dir='ltr'>est,</span> <span class='ocrx_word' id='word_1_242' title='bbox 233 2683 334 2748; x_wconf 79' lang='lat' dir='ltr'>quam</span> <span class='ocrx_word' id='word_1_243' title='bbox 361 2672 395 2727; x_wconf 92' lang='lat' dir='ltr'>et</span> <span class='ocrx_word' id='word_1_244' title='bbox 422 2661 502 2727; x_wconf 59' lang='lat' dir='ltr'>Isin*</span> <span class='ocrx_word' id='word_1_245' title='bbox 516 2684 588 2742; x_wconf 81' lang='lat' dir='ltr'>esse</span> <span class='ocrx_word' id='word_1_246' title='bbox 608 2661 723 2728; x_wconf 91' lang='lat' dir='ltr'>volunt.</span> <span class='ocrx_word' id='word_1_247' title='bbox 778 2660 835 2728; x_wconf 89' lang='lat' dir='ltr'>Alii</span> <span class='ocrx_word' id='word_1_248' title='bbox 856 2676 962 2728; x_wconf 90' lang='lat' dir='ltr'>tamen</span> <span class='ocrx_word' id='word_1_249' title='bbox 990 2683 1061 2726; x_wconf 91' lang='lat' dir='ltr'>eam</span> <span class='ocrx_word' id='word_1_250' title='bbox 1081 2682 1162 2725; x_wconf 88' lang='lat' dir='ltr'>nave</span> 
     </span>
     <span class='ocr_line' id='line_1_30' title="bbox 42 2733 1163 2848; baseline 0.003 -43"><span class='ocrx_word' id='word_1_251' title='bbox 42 2733 76 2800; x_wconf 82' lang='lat' dir='ltr'>de</span> <span class='ocrx_word' id='word_1_252' title='bbox 95 2742 230 2810; x_wconf 85' lang='lat' dir='ltr'>Graecia</span> <span class='ocrx_word' id='word_1_253' title='bbox 259 2745 440 2825; x_wconf 81' lang='lat' dir='ltr'>advectam,</span> <span class='ocrx_word' id='word_1_254' title='bbox 472 2747 504 2815; x_wconf 91' lang='lat' dir='ltr'>in</span> <span class='ocrx_word' id='word_1_255' title='bbox 525 2750 673 2848; x_wconf 89' lang='lat' dir='ltr'>Aegypto</span> <span class='ocrx_word' id='word_1_256' title='bbox 694 2769 849 2832; x_wconf 87' lang='lat' dir='ltr'>regnasse</span> <span class='ocrx_word' id='word_1_257' title='bbox 864 2747 1046 2836; x_wconf 86' lang='lat' dir='ltr'>perbibent,</span> <span class='ocrx_word' id='word_1_258' title='bbox 1083 2767 1163 2812; x_wconf 90' lang='lat' dir='ltr'>ean-</span> 
     </span>
     <span class='ocr_line' id='line_1_31' title="bbox 42 2819 1204 2920; baseline 0.003 -30"><span class='ocrx_word' id='word_1_259' title='bbox 42 2819 309 2914; x_wconf 83' lang='lat' dir='ltr'>demquelitteras</span> <span class='ocrx_word' id='word_1_260' title='bbox 330 2831 545 2920; x_wconf 82' lang='lat' dir='ltr'>Aegyptiacos</span> <span class='ocrx_word' id='word_1_261' title='bbox 578 2853 711 2918; x_wconf 82' lang='lat' dir='ltr'>pomam</span> <span class='ocrx_word' id='word_1_262' title='bbox 739 2831 945 2898; x_wconf 85' lang='lat' dir='ltr'>adinvenisse.</span> <span class='ocrx_word' id='word_1_263' title='bbox 971 2832 1033 2904; x_wconf 64' lang='lat' dir='ltr'>,Ut</span> <span class='ocrx_word' id='word_1_264' title='bbox 1052 2841 1204 2899; x_wconf 84' lang='lat' dir='ltr'>antemoo</span> 
     </span>
     <span class='ocr_line' id='line_1_32' title="bbox 40 2907 1162 3004; baseline 0.005 -29"><span class='ocrx_word' id='word_1_265' title='bbox 40 2907 74 2972; x_wconf 79' lang='lat' dir='ltr'>ad</span> <span class='ocrx_word' id='word_1_266' title='bbox 92 2916 260 3002; x_wconf 85' lang='lat' dir='ltr'>superiora</span> <span class='ocrx_word' id='word_1_267' title='bbox 281 2917 584 3004; x_wconf 78' lang='lat' dir='ltr'>recurramus,‘per</span> <span class='ocrx_word' id='word_1_268' title='bbox 605 2915 789 3004; x_wconf 83' lang='lat' dir='ltr'>conjuginm</span> <span class='ocrx_word' id='word_1_269' title='bbox 805 2917 951 2983; x_wconf 89' lang='lat' dir='ltr'>Plutonis</span> <span class='ocrx_word' id='word_1_270' title='bbox 973 2927 1006 2982; x_wconf 89' lang='lat' dir='ltr'>et</span> <span class='ocrx_word' id='word_1_271' title='bbox 1025 2917 1162 2982; x_wconf 86' lang='lat' dir='ltr'>Proser-</span> 
     </span>
     <span class='ocr_line' id='line_1_33' title="bbox 40 2993 1163 3090; baseline 0.004 -29"><span class='ocrx_word' id='word_1_272' title='bbox 40 2993 122 3076; x_wconf 85' lang='lat' dir='ltr'>pinae</span> <span class='ocrx_word' id='word_1_273' title='bbox 148 3012 260 3070; x_wconf 87' lang='lat' dir='ltr'>terrae</span> <span class='ocrx_word' id='word_1_274' title='bbox 286 3013 320 3069; x_wconf 91' lang='lat' dir='ltr'>et</span> <span class='ocrx_word' id='word_1_275' title='bbox 351 2997 492 3068; x_wconf 87' lang='lat' dir='ltr'>humoris</span> <span class='ocrx_word' id='word_1_276' title='bbox 519 3003 548 3068; x_wconf 90' lang='lat' dir='ltr'>ei</span> <span class='ocrx_word' id='word_1_277' title='bbox 582 3000 679 3066; x_wconf 86' lang='lat' dir='ltr'>innati</span> <span class='ocrx_word' id='word_1_278' title='bbox 711 3002 854 3067; x_wconf 86' lang='lat' dir='ltr'>nonnulli·</span> <span class='ocrx_word' id='word_1_279' title='bbox 877 3002 1054 3090; x_wconf 89' lang='lat' dir='ltr'>intelligunt</span> <span class='ocrx_word' id='word_1_280' title='bbox 1085 3023 1163 3068; x_wconf 92' lang='lat' dir='ltr'>oon·</span> 
     </span>
     <span class='ocr_line' id='line_1_34' title="bbox 39 3082 1162 3177; baseline 0.01 -36"><span class='ocrx_word' id='word_1_281' title='bbox 39 3082 203 3152; x_wconf 81' lang='lat' dir='ltr'>nexionem.</span> <span class='ocrx_word' id='word_1_282' title='bbox 268 3087 335 3155; x_wconf 93' lang='lat' dir='ltr'>Per</span> <span class='ocrx_word' id='word_1_283' title='bbox 363 3087 534 3154; x_wconf 90' lang='lat' dir='ltr'>Plutonem</span> <span class='ocrx_word' id='word_1_284' title='bbox 569 3086 651 3151; x_wconf 92' lang='lat' dir='ltr'>enim</span> <span class='ocrx_word' id='word_1_285' title='bbox 684 3096 790 3165; x_wconf 87' lang='lat' dir='ltr'>terro,</span> <span class='ocrx_word' id='word_1_286' title='bbox 837 3089 888 3153; x_wconf 89' lang='lat' dir='ltr'>oui</span> <span class='ocrx_word' id='word_1_287' title='bbox 914 3097 1060 3176; x_wconf 87' lang='lat' dir='ltr'>praeest,</span> <span class='ocrx_word' id='word_1_288' title='bbox 1102 3107 1162 3177; x_wconf 89' lang='lat' dir='ltr'>per</span> 
     </span>
     <span class='ocr_line' id='line_1_35' title="bbox 37 3162 1163 3261; baseline 0.012 -36"><span class='ocrx_word' id='word_1_289' title='bbox 37 3162 257 3260; x_wconf 87' lang='lat' dir='ltr'>Proserpinam</span> <span class='ocrx_word' id='word_1_290' title='bbox 278 3173 392 3239; x_wconf 89' lang='lat' dir='ltr'>humor</span> <span class='ocrx_word' id='word_1_291' title='bbox 410 3184 527 3240; x_wconf 90' lang='lat' dir='ltr'>terram</span> <span class='ocrx_word' id='word_1_292' title='bbox 551 3170 726 3238; x_wconf 87' lang='lat' dir='ltr'>fecundans</span> <span class='ocrx_word' id='word_1_293' title='bbox 741 3172 956 3258; x_wconf 61' lang='lat' dir='ltr'>significatum</span> <span class='ocrx_word' id='word_1_294' title='bbox 991 3194 1093 3261; x_wconf 88' lang='lat' dir='ltr'>quae,</span> <span class='ocrx_word' id='word_1_295' title='bbox 1126 3181 1163 3238; x_wconf 90' lang='lat' dir='ltr'>ut</span> 
     </span>
     <span class='ocr_line' id='line_1_36' title="bbox 38 3241 1204 3350; baseline 0.005 -30"><span class='ocrx_word' id='word_1_296' title='bbox 38 3241 131 3338; x_wconf 83' lang='lat' dir='ltr'>ajunt,</span> <span class='ocrx_word' id='word_1_297' title='bbox 169 3260 258 3324; x_wconf 88' lang='lat' dir='ltr'>bene</span> <span class='ocrx_word' id='word_1_298' title='bbox 294 3259 506 3350; x_wconf 80' lang='lat' dir='ltr'>Proserpina.</span> <span class='ocrx_word' id='word_1_299' title='bbox 523 3258 613 3345; x_wconf 85' lang='lat' dir='ltr'>quasi</span> <span class='ocrx_word' id='word_1_300' title='bbox 648 3258 877 3346; x_wconf 82' lang='lat' dir='ltr'>proserpendo</span> <span class='ocrx_word' id='word_1_301' title='bbox 911 3267 1000 3322; x_wconf 82' lang='lat' dir='ltr'>nota</span> <span class='ocrx_word' id='word_1_302' title='bbox 1034 3257 1204 3337; x_wconf 75' lang='lat' dir='ltr'>dicitur,s⁵</span> 
     </span>
     <span class='ocr_line' id='line_1_37' title="bbox 38 3339 1163 3482; baseline 0.005 -81"><span class='ocrx_word' id='word_1_303' title='bbox 38 3339 116 3482; x_wconf 66' lang='lat' dir='ltr'>pund</span> <span class='ocrx_word' id='word_1_304' title='bbox 143 3342 265 3410; x_wconf 91' lang='lat' dir='ltr'>humor</span> <span class='ocrx_word' id='word_1_305' title='bbox 290 3366 351 3432; x_wconf 88' lang='lat' dir='ltr'>per</span> <span class='ocrx_word' id='word_1_306' title='bbox 378 3344 494 3412; x_wconf 83' lang='lat' dir='ltr'>herbas</span> <span class='ocrx_word' id='word_1_307' title='bbox 516 3342 564 3409; x_wconf 93' lang='lat' dir='ltr'>vel</span> <span class='ocrx_word' id='word_1_308' title='bbox 585 3342 717 3408; x_wconf 92' lang='lat' dir='ltr'>arbores</span> <span class='ocrx_word' id='word_1_309' title='bbox 738 3352 918 3410; x_wconf 86' lang='lat' dir='ltr'>crescentes</span> <span class='ocrx_word' id='word_1_310' title='bbox 941 3342 1163 3410; x_wconf 87' lang='lat' dir='ltr'>insensibiliter</span> 
     </span>
    </p>

    <p class='ocr_par' dir='ltr' id='par_1_6' title="bbox 60 3426 1163 3518">
     <span class='ocr_line' id='line_1_38' title="bbox 60 3426 1163 3518; baseline 0.002 -27"><span class='ocrx_word' id='word_1_311' title='bbox 60 3435 180 3494; x_wconf 83' lang='lat' dir='ltr'>eterra</span> <span class='ocrx_word' id='word_1_312' title='bbox 200 3440 319 3518; x_wconf 86' lang='lat' dir='ltr'>surgat</span> <span class='ocrx_word' id='word_1_313' title='bbox 339 3438 373 3508; x_wconf 80' lang='lat' dir='ltr'>et</span> <span class='ocrx_word' id='word_1_314' title='bbox 392 3430 430 3498; x_wconf 88' lang='lat' dir='ltr'>iis</span> <span class='ocrx_word' id='word_1_315' title='bbox 459 3433 687 3496; x_wconf 79' lang='lat' dir='ltr'>incrementum</span> <span class='ocrx_word' id='word_1_316' title='bbox 719 3426 890 3495; x_wconf 53' lang='lat' dir='ltr'>conferat,</span> <span class='ocrx_word' id='word_1_317' title='bbox 923 3426 1019 3502; x_wconf 81' lang='lat' dir='ltr'>Quod</span> <span class='ocrx_word' id='word_1_318' title='bbox 1050 3430 1163 3508; x_wconf 79' lang='lat' dir='ltr'>Ceres,</span> 
     </span>
    </p>

    <p class='ocr_par' dir='ltr' id='par_1_7' title="bbox 8 3509 1245 4285">
     <span class='ocr_line' id='line_1_39' title="bbox 38 3509 1235 3603; baseline 0.006 -31"><span class='ocrx_word' id='word_1_319' title='bbox 38 3527 111 3590; x_wconf 91' lang='lat' dir='ltr'>quae</span> <span class='ocrx_word' id='word_1_320' title='bbox 131 3509 197 3580; x_wconf 90' lang='lat' dir='ltr'>dea</span> <span class='ocrx_word' id='word_1_321' title='bbox 220 3531 270 3582; x_wconf 91' lang='lat' dir='ltr'>est</span> <span class='ocrx_word' id='word_1_322' title='bbox 291 3515 439 3602; x_wconf 89' lang='lat' dir='ltr'>frugum,</span> <span class='ocrx_word' id='word_1_323' title='bbox 460 3515 688 3602; x_wconf 89' lang='lat' dir='ltr'>Proserpinam</span> <span class='ocrx_word' id='word_1_324' title='bbox 705 3535 865 3599; x_wconf 79' lang='lat' dir='ltr'>quaerere</span> <span class='ocrx_word' id='word_1_325' title='bbox 885 3511 1017 3592; x_wconf 86' lang='lat' dir='ltr'>dicitur,</span> <span class='ocrx_word' id='word_1_326' title='bbox 1040 3514 1178 3603; x_wconf 59' lang='lat' dir='ltr'>frugesp</span> <span class='ocrx_word' id='word_1_327' title='bbox 1233 3557 1235 3568; x_wconf 41' lang='grc' dir='ltr'><em>ι</em></span> 
     </span>
     <span class='ocr_line' id='line_1_40' title="bbox 36 3599 1245 3697; baseline 0.007 -40"><span class='ocrx_word' id='word_1_328' title='bbox 36 3604 66 3657; x_wconf 91' lang='lat' dir='ltr'>ut</span> <span class='ocrx_word' id='word_1_329' title='bbox 87 3599 280 3697; x_wconf 86' lang='lat' dir='ltr'>perbibent,</span> <span class='ocrx_word' id='word_1_330' title='bbox 312 3600 472 3687; x_wconf 82' lang='lat' dir='ltr'>significat</span> <span class='ocrx_word' id='word_1_331' title='bbox 503 3601 617 3665; x_wconf 90' lang='lat' dir='ltr'>nimiae</span> <span class='ocrx_word' id='word_1_332' title='bbox 647 3599 796 3666; x_wconf 85' lang='lat' dir='ltr'>siccitatis</span> <span class='ocrx_word' id='word_1_333' title='bbox 822 3612 969 3685; x_wconf 89' lang='lat' dir='ltr'>tempore</span> <span class='ocrx_word' id='word_1_334' title='bbox 997 3599 1164 3666; x_wconf 87' lang='lat' dir='ltr'>humorem</span> <span class='ocrx_word' id='word_1_335' title='bbox 1244 3673 1245 3679; x_wconf 47' lang='lat'>.</span> 
     </span>
     <span class='ocr_line' id='line_1_41' title="bbox 35 3673 1207 3773; baseline 0.009 -32"><span class='ocrx_word' id='word_1_336' title='bbox 35 3673 234 3757; x_wconf 72' lang='lat' dir='ltr'>desrderare,</span> <span class='ocrx_word' id='word_1_337' title='bbox 275 3684 373 3760; x_wconf 84' lang='lat' dir='ltr'>Quod</span> <span class='ocrx_word' id='word_1_338' title='bbox 393 3686 619 3773; x_wconf 89' lang='lat' dir='ltr'>Proserpinam</span> <span class='ocrx_word' id='word_1_339' title='bbox 637 3689 754 3772; x_wconf 70' lang='lat' dir='ltr'>poetae</span> <span class='ocrx_word' id='word_1_340' title='bbox 773 3684 905 3751; x_wconf 90' lang='lat' dir='ltr'>Junonis</span> <span class='ocrx_word' id='word_1_341' title='bbox 927 3705 1207 3773; x_wconf 77' lang='lat' dir='ltr'>nonnumquamto</span> 
     </span>
     <span class='ocr_line' id='line_1_42' title="bbox 34 3763 1164 3855; baseline 0.003 -24"><span class='ocrx_word' id='word_1_342' title='bbox 34 3780 223 3835; x_wconf 83' lang='lat' dir='ltr'>venerantur</span> <span class='ocrx_word' id='word_1_343' title='bbox 258 3771 403 3848; x_wconf 89' lang='lat' dir='ltr'>nomine,</span> <span class='ocrx_word' id='word_1_344' title='bbox 436 3794 456 3836; x_wconf 88' lang='lat' dir='ltr'>a</span> <span class='ocrx_word' id='word_1_345' title='bbox 481 3771 663 3838; x_wconf 89' lang='lat' dir='ltr'>Stoicorum</span> <span class='ocrx_word' id='word_1_346' title='bbox 687 3763 841 3855; x_wconf 76' lang='lat' dir='ltr'>dogmate</span> <span class='ocrx_word' id='word_1_347' title='bbox 860 3768 1065 3836; x_wconf 87' lang='lat' dir='ltr'>descendisse</span> <span class='ocrx_word' id='word_1_348' title='bbox 1084 3768 1164 3835; x_wconf 75' lang='lat' dir='ltr'>dici-</span> 
     </span>
     <span class='ocr_line' id='line_1_43' title="bbox 32 3843 1162 3945; baseline 0.009 -33"><span class='ocrx_word' id='word_1_349' title='bbox 32 3870 116 3931; x_wconf 90' lang='lat' dir='ltr'>mus,</span> <span class='ocrx_word' id='word_1_350' title='bbox 138 3856 216 3941; x_wconf 83' lang='lat' dir='ltr'>q‘ui,</span> <span class='ocrx_word' id='word_1_351' title='bbox 233 3868 273 3923; x_wconf 92' lang='lat' dir='ltr'>ut</span> <span class='ocrx_word' id='word_1_352' title='bbox 292 3878 390 3945; x_wconf 85' lang='lat' dir='ltr'>supra</span> <span class='ocrx_word' id='word_1_353' title='bbox 410 3857 663 3933; x_wconf 89' lang='lat' dir='ltr'>memoravimus,</span> <span class='ocrx_word' id='word_1_354' title='bbox 684 3877 780 3921; x_wconf 90' lang='lat' dir='ltr'>unum</span> <span class='ocrx_word' id='word_1_355' title='bbox 797 3877 869 3923; x_wconf 88' lang='lat' dir='ltr'>esse</span> <span class='ocrx_word' id='word_1_356' title='bbox 889 3855 986 3921; x_wconf 91' lang='lat' dir='ltr'>deum</span> <span class='ocrx_word' id='word_1_357' title='bbox 1003 3843 1162 3934; x_wconf 83' lang='lat' dir='ltr'>dixerunt,</span> 
     </span>
     <span class='ocr_line' id='line_1_44' title="bbox 32 3937 1161 4032; baseline 0.008 -33"><span class='ocrx_word' id='word_1_358' title='bbox 32 3937 234 4006; x_wconf 83' lang='lat' dir='ltr'>uninomina</span> <span class='ocrx_word' id='word_1_359' title='bbox 256 3943 415 4008; x_wconf 85' lang='lat' dir='ltr'>variantur</span> <span class='ocrx_word' id='word_1_360' title='bbox 443 3963 502 4030; x_wconf 85' lang='lat' dir='ltr'>pro</span> <span class='ocrx_word' id='word_1_361' title='bbox 532 3942 656 4008; x_wconf 87' lang='lat' dir='ltr'>actibus</span> <span class='ocrx_word' id='word_1_362' title='bbox 683 3953 716 4008; x_wconf 85' lang='lat' dir='ltr'>et</span> <span class='ocrx_word' id='word_1_363' title='bbox 737 3941 859 4009; x_wconf 88' lang='lat' dir='ltr'>olliciis.</span> <span class='ocrx_word' id='word_1_364' title='bbox 912 3939 1008 4005; x_wconf 89' lang='lat' dir='ltr'>Unde</span> <span class='ocrx_word' id='word_1_365' title='bbox 1028 3963 1161 4032; x_wconf 85' lang='lat' dir='ltr'>superos</span> 
     </span>
     <span class='ocr_line' id='line_1_45' title="bbox 31 4018 1163 4115; baseline 0.012 -35"><span class='ocrx_word' id='word_1_366' title='bbox 31 4018 107 4087; x_wconf 88' lang='lat' dir='ltr'>deos</span> <span class='ocrx_word' id='word_1_367' title='bbox 140 4036 177 4091; x_wconf 88' lang='lat' dir='ltr'>ot</span> <span class='ocrx_word' id='word_1_368' title='bbox 208 4027 326 4094; x_wconf 85' lang='lat' dir='ltr'>inferos</span> <span class='ocrx_word' id='word_1_369' title='bbox 364 4025 476 4097; x_wconf 91' lang='lat' dir='ltr'>iisdem</span> <span class='ocrx_word' id='word_1_370' title='bbox 502 4048 630 4115; x_wconf 85' lang='lat' dir='ltr'>quoque</span> <span class='ocrx_word' id='word_1_371' title='bbox 664 4025 824 4094; x_wconf 88' lang='lat' dir='ltr'>vocabulis</span> <span class='ocrx_word' id='word_1_372' title='bbox 856 4022 1069 4114; x_wconf 88' lang='lat' dir='ltr'>appellamus,</span> <span class='ocrx_word' id='word_1_373' title='bbox 1112 4039 1163 4094; x_wconf 88' lang='lat' dir='ltr'>ut:</span> 
     </span>
     <span class='ocr_line' id='line_1_46' title="bbox 30 4105 1204 4202; baseline 0.015 -36"><span class='ocrx_word' id='word_1_374' title='bbox 30 4105 162 4187; x_wconf 70' lang='lat' dir='ltr'>Jurponr&#39;</span> <span class='ocrx_word' id='word_1_375' title='bbox 199 4111 362 4194; x_wconf 71' lang='lat' dir='ltr'>infernae</span> <span class='ocrx_word' id='word_1_376' title='bbox 392 4112 507 4176; x_wconf 77' lang='lat' dir='ltr'>dicum</span> <span class='ocrx_word' id='word_1_377' title='bbox 543 4111 661 4188; x_wconf 76' lang='lat' dir='ltr'>sacer,</span> <span class='ocrx_word' id='word_1_378' title='bbox 694 4109 728 4175; x_wconf 84' lang='lat' dir='ltr'>id</span> <span class='ocrx_word' id='word_1_379' title='bbox 761 4124 809 4176; x_wconf 84' lang='lat' dir='ltr'>est</span> <span class='ocrx_word' id='word_1_380' title='bbox 847 4112 1068 4202; x_wconf 78' lang='lat' dir='ltr'>Proserpinae.</span> <span class='ocrx_word' id='word_1_381' title='bbox 1120 4115 1204 4184; x_wconf 69' lang='lat' dir='ltr'>Eleo</span> 
     </span>
     <span class='ocr_line' id='line_1_47' title="bbox 8 4189 881 4285; baseline 0.014 -33"><span class='ocrx_word' id='word_1_382' title='bbox 8 4189 118 4258; x_wconf 83' lang='lat' dir='ltr'>alibi:</span> <span class='ocrx_word' id='word_1_383' title='bbox 165 4195 415 4270; x_wconf 62' lang='lat' dir='ltr'>sacraemnta?</span> <span class='ocrx_word' id='word_1_384' title='bbox 440 4195 582 4285; x_wconf 74' lang='lat' dir='ltr'>Stygio,</span> <span class='ocrx_word' id='word_1_385' title='bbox 616 4195 649 4262; x_wconf 89' lang='lat' dir='ltr'>id</span> <span class='ocrx_word' id='word_1_386' title='bbox 673 4208 722 4264; x_wconf 88' lang='lat' dir='ltr'>est</span> <span class='ocrx_word' id='word_1_387' title='bbox 744 4195 881 4264; x_wconf 89' lang='lat' dir='ltr'>Plutoni.</span> 
     </span>
    </p>
   </div>
   <div class='ocr_carea' id='block_1_4' title="bbox 0 0 1354 4804">
    <p class='ocr_par' dir='ltr' id='par_1_8' title="bbox 0 0 1354 4804">
     <span class='ocr_line' id='line_1_48' title="bbox 0 0 1354 4804; baseline 0 12"><span class='ocrx_word' id='word_1_388' title='bbox 0 0 1354 4804; x_wconf 95' lang='lat' dir='ltr'> </span> 
     </span>
    </p>
   </div>
  </div>
 </body>
</html>
