2716 4794
169 181 250 266 aaa
386 187 390 195 ·
455 183 639 288 nyuoffr.
668 183 720 258 n.
775 179 922 258 aar...
945 147 1084 260 tans
1185 105 1194 135 Ι

168 371 371 461 ipsi-rellerls
398 367 565 438 auferendi
591 391 634 436 eu
662 369 693 436 le
718 391 738 436 e
766 367 943 450 concessit,
980 369 1007 442 si
1035 379 1160 451 muros,
1193 371 1288 460 ignem

169 457 305 530 naribus,
314 457 485 535 efflantes,
518 455 573 544 qui
594 454 680 544 apud
730 452 839 522 olchos
859 454 1068 522 indomabiles
1094 468 1201 536 erant,
1227 459 1288 548 juu-

171 567 270 630 gcns,
299 541 447 609 draconis
467 539 580 612 dentes
601 552 733 617 sereret.
777 541 841 608 Cui
861 563 958 629 quum
978 540 1011 607 id
1029 541 1159 609 difficile
1180 542 1289 609 videre·

172 645 241 708 tur,
263 625 387 708 „Medea
407 649 523 713 mega,
557 629 677 696 Aeetae
698 625 787 712 regis
808 626 888 706 filia,
909 627 1024 694 virtute
1044 627 1112 712 eius
1135 627 1290 708 delectata,

146 737 245 790 seum
275 735 373 802 quum
392 715 557 793 turnasset,
588 726 767 799 serpentem
800 711 987 792 incantavit,
1025 725 1058 780 et
1090 714 1123 778 in
1155 737 1291 805 soporem

171 800 272 868 uertit.
322 800 428 874 Quem
449 797 552 865 statim
584 797 680 864 Iason
708 796 885 876 interfecit,
916 797 1048 885 ejusque
1077 797 1190 867 dentes
1218 801 1290 866 acei-

193 887 278 963 iens,
304 883 424 972 junctis
447 882 584 948 Medeae
605 884 724 949 artibus
745 882 861 962 tauris,
891 882 1000 969 ignem
1018 884 1146 952 naribus
1168 885 1291 952 efflanti-

102 1011 106 1016 ·
170 911 249 1048 bus,
284 969 316 1033 in
342 993 489 1060 campum
521 969 643 1036 transiit
661 980 693 1034 et
721 970 808 1034 sevit.
861 968 974 1034 'l'ertio
996 965 1049 1035 die
1068 982 1209 1038 armatus
1229 970 1292 1036 inde

172 1056 308 1124 surrexit
336 1055 511 1133 exercitus,
543 1053 597 1142 qui
624 1053 823 1119 invlasonem
858 1053 1009 1155 impetum
1041 1054 1126 1123 feeit.
1179 1056 1293 1122 Deinde

133 1139 310 1208 1⁰Medeae
331 1142 451 1208 artibus
472 1141 505 1206 in
525 1162 563 1205 se
585 1139 779 1217 concitatus,
813 1149 928 1204 mutuus
960 1151 1010 1206 est
1034 1139 1222 1210 interemtus
1239 1142 1293 1207 vul-

171 1227 310 1294 neribus.
363 1226 476 1307 Iason,
517 1225 648 1291 victoria
684 1225 820 1310 potitus,
864 1223 1000 1292 ablatam
1029 1225 1139 1312 pellem
1175 1228 1294 1294 revexit.

170 1312 298 1380 Deinde
332 1311 449 1378 Medea
482 1333 573 1389 eum,
615 1309 733 1376 relictis
768 1307 916 1390 Colchis,
953 1332 1090 1396 sequens
1120 1311 1237 1380 dieitur
1269 1313 1295 1376 iu

170 1398 292 1467 Italiam
314 1397 512 1486 pervenisse,
547 1406 581 1464 ct
599 1394 734 1484 populos
756 1392 938 1483 quosdam,
963 1394 1047 1461 cirea
1070 1397 1228 1467 Fucinum
1249 1399 1296 1468 ha-

171 1485 307 1552 bitantes
328 1483 448 1561 laeum,
471 1480 610 1566 remedia
635 1493 746 1554 contra
767 1491 931 1568 serpentes
953 1480 1120 1566 docuisse;
1150 1505 1169 1548 a
1192 1484 1295 1573 quibus

130 1571 269 1638 ucetiam
289 1568 444 1656 Angitiu
466 1567 626 1636 nominata
647 1579 713 1649 est,
751 1587 790 1632 eo
819 1564 905 1655 quod
938 1565 1006 1656 ejus
1028 1568 1222 1638 carminibus
1238 1591 1296 1638 ser·

170 1667 282 1746 pentes
301 1665 528 1744 ungerentur.

575 1847 670 1925 157.
729 1848 910 1926 Medea.

259 1975 355 2044 lason
376 1975 715 2080 postquamMedeam
736 1976 767 2042 in
780 1975 951 2044 Graeciam
975 1971 1074 2055 duxit,
1097 1984 1130 2042 et
1142 1975 1298 2076 promisso

53 2090 56 2098 ·
177 2061 237 2130 sibi
258 2063 407 2152 conjugio
429 2062 605 2151 copulavit,
637 2086 675 2129 ex
698 2063 801 2130 multis
824 2065 920 2128 rebus
940 2060 1101 2147 ingenium
1122 2083 1191 2142 epus
1213 2072 1297 2147 antea

133 2161 347 2238 2oexpertus,
369 2147 497 2216 demum
520 2149 626 2240 petiit,
648 2163 682 2218 ut
703 2159 865 2238 parentem
890 2151 1045 2213 Aesonem
1068 2146 1100 2210 in
1121 2146 1298 2214 adolescen-

174 2237 250 2304 tiam
270 2235 522 2303 transformaret.
565 2237 607 2302 At
625 2234 685 2314 illa,
707 2232 847 2301 nondum
869 2253 978 2298 amore
999 2230 1122 2319 posito,
1159 2232 1298 2320 quemin

173 2343 247 2387 eum
269 2319 397 2400 habuit,
430 2321 564 2403 herbas,
591 2343 725 2408 quarum
748 2320 893 2386 virtutem
909 2328 1068 2394 noverat,
1104 2315 1236 2388 dirersis
1255 2340 1298 2382 re-

173 2405 322 2492 gionibus
376 2407 531 2485 caesitas,
563 2406 665 2471 aheno
692 2407 884 2492 incoquens,
919 2405 1076 2470 Aesonem
1106 2401 1300 2474 interemtum

173 2489 351 2581 tepidisque
394 2491 479 2560 erbis
499 2491 601 2560 lotum
620 2490 652 2557 in
672 2489 837 2586 pristinum
860 2490 1002 2577 vigorem
1025 2484 1161 2588 reduxit.

131 2763 168 2813 25
249 2783 250 2789 ,
299 2664 301 2673 Ι
454 2711 546 2790 158.
600 2656 817 2789 Nutrices
854 2713 1041 2788 Liberi„

259 2840 361 2908 Liber
381 2852 471 2932 pater
492 2854 527 2912 ut
547 2821 770 2928 animadvertit
785 2842 918 2909 Aesonis
939 2837 1137 2908 senectutem
1157 2838 1302 2908 remediis
1348 2855 1350 2932 p

173 2923 310 3004 Medeae
331 2928 509 3016 expulsam,
528 2930 647 3082 petiit,
677 2941 714 2996 ut
741 2929 880 2996 nutrices
913 2949 987 3000 suas
1003 2927 1037 2992 in
1058 2926 1304 2994 adolescentium
1348 2935 1350 2974 t

174 3015 318 3115 'vigorem
340 3027 485 3082 mutaret.
561 3014 628 3104 ujus
646 3013 789 3102 petitioni
808 3012 1028 3100 consentiens,
1058 3011 1170 3078 iisdem
1202 3016 1303 3079 reme

175 3100 253 3174 dus,
286 3095 400 3186 quibus
431 3114 463 3169 et
487 3105 591 3167 Aeson
613 3101 884 3192 injuvenescebat,
912 3097 1022 3166 Liberi
1042 3098 1181 3170 nutrices
1204 3099 1237 3165 in
1244 3096 1304 3248 1p'u·
1348 3075 1350 3168 l

133 3183 309 3265 sovenilem
331 3185 476 3272 vigorem
492 3185 661 3273 redigens,
690 3185 811 3262 Libero
834 3199 998 3251 aeternum
1020 3204 1130 3270 secum
1160 3185 1243 3250 bene
1268 3181 1305 3248 cii
1349 3191 1350 3214 ³

176 3271 293 3360 pignus
314 3271 457 3339 firmavit
500 3272 567 3338 Sed
589 3294 686 3358 quum
707 3294 777 3338 eam
798 3271 893 3340 lason
914 3289 1089 3356 spernens,
1117 3268 1305 3360 superindu-
1348 3269 1350 3356 l

173 3368 262 3424 ceret
283 3355 444 3436 Glaucen,
465 3356 557 3423 filiam
580 3357 747 3436 Creontis,
782 3353 899 3422 Medea
927 3352 1016 3421 dedit
1060 3354 1138 3426 ellici
1155 3357 1306 3432 tunicam,

74 3457 80 3470 ·
173 3442 300 3508 uenenis
322 3454 356 3510 et
376 3442 448 3508 allio
466 3442 625 3512 inlectam.
674 3445 898 3530 Quamquam
924 3439 975 3506 illa
999 3377 1163 3532 indueret,
1200 3439 1306 3527 coepit

174 3528 308 3592 cremari
327 3527 484 3594 incendio.
540 3528 635 3596 'l'unc
662 3526 799 3606 Medea,
835 3527 972 3600 attimum
994 3524 1119 3596 Iasonis
1137 3539 1250 3595 contra
1272 3545 1308 3590 sc

133 3612 342 3683 assuerientis
374 3636 437 3681 non
468 3612 649 3696 sustinens,
683 3613 747 3682 suis
776 3613 963 3702 Iasonisquo
1004 3613 1086 3682 natis
1121 3611 1308 3692 interemtis,

47 3765 49 3774 s
149 3697 258 3796 xelato
273 3712 423 3790 serpente
442 3699 577 3790 aufugit.

573 3914 665 3990 159.
728 3918 907 3991 Pontia.
931 3919 934 3930 “

257 4043 374 4111 Pontia
396 4045 543 4112 meretrix
565 4044 708 4112 Petronii
728 4045 790 4110 filia
812 4044 888 4125 suit,
910 4063 993 4131 quae
1014 4039 1094 4108 lilios
1113 4063 1189 4114 suos
1209 4059 1314 4129 pecu-

176 4127 246 4194 niae
266 4151 381 4208 eausa,
405 4144 438 4197 ut
458 4153 528 4196 eam
550 4129 683 4199 donaret
704 4131 866 4208 adulteris,
893 4127 1039 4196 vendidit.
1082 4129 1175 4204 Quae
1198 4133 1318 4215 postca

134 4225 213 4281 tuse
234 4213 334 4300 ipsam
355 4215 511 4300 prodens,
539 4213 669 4304 largiter
692 4217 834 4306 epulata,
868 4214 972 4284 incbis
995 4213 1080 4286 renis
1096 4213 1196 4302 petiit.
