2698 4804
229 285 231 288 Ι
294 124 963 270 mynogr.1n.*'1·r.-s-‘-s.ff
1067 175 1170 268 aaa

64 349 190 415 ruborem
226 350 413 454 ingerite
431 351 562 442 pudoris
598 355 787 444 opprobrio,
832 361 1010 448 pangitque
1047 364 1171 446 peceati
1256 362 1265 371 ’

65 433 163 502 aculeo.
214 437 305 504 Sient
333 459 415 503 emm
437 459 511 506 rose
545 438 684 508 delectet
704 442 850 528 quidem,
885 445 943 512 s'ed
965 445 1060 513 celeri
1081 460 1168 516 motu

64 520 190 607 temporis
231 521 364 602 tollitur;
400 523 451 595 ita
478 537 511 592 et
547 523 656 591 libido.
718 525 895 596 Columbae
925 533 954 598 ei
977 553 1168 602 consecran-

61 615 116 683 tur,
164 603 226 671 uod
245 607 314 673 illae
334 629 407 674 ares
427 609 484 696 (ut
509 609 657 696 frequens
678 611 779 688 innuit
808 613 954 702 foetura)
978 617 1111 688 maxime
1131 618 1176 683 in.
1219 631 1220 634 ’

60 688 128 756 coitu
143 629 283 759 deividae
310 691 492 760 ereduntur.
548 692 694 781 Pingunt
724 719 795 763 eam
823 699 854 763 in
871 704 961 768 mari
994 714 1189 781 natantem,u
1217 700 1219 712 ’

57 774 118 860 quia
144 775 235 842 libido
263 779 358 845 rebus
396 780 564 866 naufragia
593 781 717 855 inferre,
743 786 808 849 ndu
840 783 1010 855 dubitetur.
1069 786 1167 854 Unde

55 861 233 1012 Porppyrips
254 863 286 928 in
308 863 576 964 epigrammatez·
691 948 693 958 ⁴
792 941 794 946 ,
847 953 854 966 ‚
940 952 955 1016 l
1000 939 1002 942 .

54 970 184 1097 (leucham
200 949 818 1124 εἵίδέιιιθὲἔξῐῖιιεγῗέιῖῑίιῑῑ11ἷῖἴὲῇέἕὸ
838 975 939 1124 libide
954 973 1031 1102 did
1052 1036 1166 1104 animal

53 1126 149 1200 aperto
179 1117 269 1184 simul
305 1129 372 1186 toto
402 1141 537 1207 corpore
564 1121 596 1187 in
631 1121 716 1190 coitu
745 1121 923 1204 misceatur.
977 1121 1102 1208 Myrtus
1133 1121 1161 1187 ei
1172 1149 1206 1198 ιο

53 1199 219 1288 deputatur,
252 1203 300 1270 vel
322 1204 409 1290 quod
429 1205 509 1274 haee
529 1207 625 1275 arbor
652 1207 795 1276 litoribus
823 1205 965 1294 gaudet,
1001 1219 1036 1272 et
1055 1207 1163 1272 Venus

9 1287 10 1292 ’
53 1284 86 1350 de
104 1287 176 1352 mari
196 1287 312 1357 dieitur
335 1305 519 1376 procreata,
554 1291 602 1357 rel
628 1292 719 1379 quod·
744 1291 827 1366 salso
857 1293 936 1366 meri
966 1290 1066 1356 vieina
1096 1301 1168 1381 est;,

53 1382 78 1435 et
95 1371 186 1439 salsus
208 1386 278 1454 est,
307 1374 513 1456 audirimus,
547 1375 646 1444 sudor
674 1399 766 1464 quem
789 1399 915 1464 semper
940 1375 1022 1443 elicit
1044 1375 1162 1456 eeitus;

52 1455 89 1518 vel
107 1457 204 1543 quod,
239 1472 277 1526 ut
297 1460 492 1530 medicorum
512 1461 651 1530 indicant
671 1462 757 1542 libri,
796 1462 876 1528 haee
905 1462 1000 1538 arbor
1022 1461 1162 1551 plurimis

52 1539 195 1609 mulierum
227 1546 470 1614 ueeesdtatihus
502 1559 576 1634 apta
597 1558 655 1615 est
705 1548 861 1614 Verhenis
882 1547 1041 1634 placatur,
1075 1545 1159 1634 quod
1171 1558 1204 1612 15
1264 1573 1266 1582 ’

52 1625 116 1690 haee
141 1629 240 1712 ,herba
276 1652 384 1697 semen
414 1654 487 1698 non
515 1633 638 1702 emittit.
693 1632 785 1702 Unde
821 1644 886 1700 est:
923 1632 1021 1711 -Arn
1056 1631 1162 1704 castis

50 1712 149 1776 vineta
180 1713 348 1780 terdenis.
389 1718 431 1794 χΑ
463 1719 571 1806 Cypro
604 1718 721 1798 insula,
750 1729 931 1786 aromatum
961 1715 1163 1790 feracissima,

51 1793 147 1882 Cypris
167 1798 303 1880 dieitur,
325 1823 408 1888 quse
428 1803 587 1867 mixtura
606 1804 840 1893 interpretatum
1207 1873 1211 1880 ,

31 1945 33 1950 χ
116 1885 143 1946 2.
184 1885 272 1952 Tres
294 1885 322 1950 ei
345 1888 499 1965 Gratiae,
512 1911 596 1974 quae
616 1891 764 1960 Charites
784 1889 949 1964 dicamur,
979 1887 1072 1952 unius
1094 1884 1162 1982 pul-

52 1963 233 2051 chritudinis,
276 1971 429 2048 Pasithea
458 1971 618 2056 videlieet,
662 1973 775 2061 Aglaie
803 1985 835 2041 et
863 1974 1075 2061 Euphrosyne
1106 1972 1204 2044 mi-2n

20 2049 147 2140 xmisnae
185 2055 324 2135 dantur,
363 2081 445 2144 quoe
483 2059 589 2124 nudae
621 2059 814 2146 pinguntur,
856 2059 929 2145 quie
962 2059 1068 2142 gretia
1095 2057 1163 2122 sine

52 2133 126 2216 l'ueo,
156 2139 187 2205 id
210 2152 264 2208 est
284 2139 347 2207 nen
367 2142 510 2212 simulata
531 2156 563 2212 et
585 2146 677 2218 fieta,
715 2142 773 2209 sed
793 2164 873 2231 pura
892 2153 925 2209 et
947 2144 1071 2206 sineere
1091 2163 1166 2224 esse¹

51 2217 135 2290 debet.
176 2228 359 2321 Conuenae
375 2241 449 2296 sunt
457 2279 483 2322 ³„
501 2213 575 2315 quia
597 2227 776 2296 insolubiles
794 2249 865 2295 esse
885 2226 1037 2294 amicitias
1059 2225 1162 2293 decet.
1260 2253 1264 2259 ·

17 2302 127 2373 ¹Uude
143 2311 317 2380 Horatius:
393 2357 395 2360 -

116 2395 310 2484 ‘Segnesqne
328 2395 457 2462 medeam
474 2396 603 2464 solvere
624 2397 784 2464 Gratiae·
893 2426 897 2430 ⁴
966 2421 968 2428 ’
1169 2427 1205 2483 aa

49 2471 127 2546 Quod
157 2503 231 2548 veru
265 2503 375 2548 eversa
405 2504 485 2562 una,
525 2480 608 2549 duae
635 2506 712 2548 sero
742 2469 957 2570 respicientes
980 2475 1163 2572 pinguntur,
1267 2544 1270 2548 .

47 2556 113 2627 haee
130 2567 206 2632 ratio
229 2577 298 2643 est,
320 2565 406 2653 quod
426 2567 531 2654 gratia
553 2569 684 2639 anobis
704 2568 831 2657 simplex
855 2563 1017 2664 profecta,
1046 2561 1163 2663 duplex

46 2644 112 2714 solet
130 2653 254 2720 reverti.
298 2651 430 2722 Veneris
452 2663 485 2718 et
504 2651 615 2738 Liberi
646 2653 793 2722 dicuntur
813 2651 913 2732 tiliae,
968 2671 1018 2716 nra
1039 2658 1164 2736 granas
1186 2674 1188 2678 ’

45 2749 93 2814 per
110 2733 220 2804 horum
259 2736 327 2802 sere
356 2736 514 2806 numinum
541 2761 697 2818 munere,
732 2738 864 2807 Veneris
885 2671 1048 2814 viddteet,
1074 2755 1191 2836 ‘quee—

38 2815 172 2907 yoluptas
192 2817 263 2902 e'st,
281 2835 315 2890 et
336 2821 462 2902 Liberi,
491 2822 669 2910 quirinum
691 2836 757 2903 est,
789 2820 971 2912 saepissime
993 2819 1204 2899 eonerlrampp

46 2909 95 2967 tur.
145 2907 526 2997 Interpretaturautem,
562 2911 646 2986 sieut
678 2930 742 2994 ego
764 2909 838 2975 mihi
860 2904 1022 2992 accepisse
1043 2903 1161 2983 videor,
1238 2973 1242 2978 ,

45 2983 178 3059 Pasithea
208 2994 412 3072 attrahens,
447 2991 558 3079 Aglaie
588 2995 804 3073 demulcens,
835 2991 1048 3080 Euphrosyne
1076 2989 1163 3052 reti-

44 3091 131 3156 nens;
151 3079 224 3166 quia
248 3077 279 3142 in
303 3077 509 3154 amicitiarum
528 3077 665 3149 'obtentu'
684 3078 818 3165 primum
833 3078 874 3150 sit
888 3081 1015 3171 ignotos
1028 3071 1163 3158 allicere,

43 3159 203 3229 seeundum
242 3162 372 3246 allectos
393 3163 611 3231 blandimentis
646 3163 861 3254 permulcere,
900 3161 1044 3240 tertium,
1082 3181 1163 3244 quos

43 3242 254 3329 permulsere,
281 3249 434 3338 obsequio
469 3249 614 3317 retinere.
672 3249 798 3314 Venere
831 3259 864 3314 et
899 3246 1030 3316 Baeeho
1071 3255 1203 3318 natusne

43 3325 161 3414 fingitur
189 3337 417 3436 Hymenaeus,
449 3335 540 3424 quia,
577 3345 613 3402 ut
643 3334 687 3402 ait
707 3332 892 3418 Remigius,
927 3334 969 3398 oh
990 3329 1057 3396 vini.
1072 3340 1162 3433 petry-

44 3406 154 3486 lantiam
184 3405 283 3486 libido
313 3420 443 3494 exaltari
469 3421 557 3488 solet.
613 3419 738 3496 Dicitur
766 3429 871 3487 autem
909 3419 1036 3484 Graeee
1068 3439 1164 3500 eppe

42 3504 230 3586 membrana,
264 3526 346 3592 quae
378 3517 427 3574 est
445 3507 572 3592 proprie
598 3505 758 3571 muliebris
780 3525 893 3579 sexus,
932 3503 969 3566 in
986 3519 1048 3588 qua
1059 3521 1162 3650 puer-

31 3585 119 3663 ,peria
139 3590 207 3657 fieri
229 3588 403 3658 dicuntur(
429 3589 509 3668 Inde
530 3593 735 3681 Hymenaeus
759 3589 936 3678 nuptiarum
959 3587 1037 3681 deus
1083 3587 1163 3672 lutus
1190 3603 1196 3610 ·
1247 3616 1249 3624 v

42 3681 92 3736 (lbi.
209 3729 214 3736 ,
1168 3685 1203 3740 40

112 3757 145 3827 3.
186 3755 375 3826 Laclantius
395 3767 501 3824 tamen
531 3758 571 3825 ab
593 3757 723 3826 historia
751 3753 1001 3832 tractumdieit,
1035 3763 1070 3820 ut
1085 3751 1160 3853 ‘Hy-

41 3857 180 3930 menaeus
202 3845 317 3946 nuptiis
338 3842 471 3931 praesit,
490 3841 578 3930 quod
601 3844 694 3930 etiem
717 3844 845 3911 Servius
866 3850 1052 3940 attestatur..
1085 3837 1162 3904 Fun

40 3925 123 3992 enim'
139 3929 289 4008 Athenis,
325 3927 440 4017 inquit,
480 3927 664 3997 adolescens
696 3940 804 4016 tantae
832 3920 1087 4031 pulchritpdrms,
1126 3933 1162 4025 ut

41 4006 178 4080 seminam
197 4015 412 4090 mentiretur&
435 4014 533 4080 Hune
557 4036 654 4102 quum
673 4038 737 4082 una
759 4039 797 4080 ex
820 4014 937 4080 mribus
956 4025 1048 4098 ung-o
1072 4010 1160 4109 nobr-

38 4089 69 4158 ¹l⁸
96 4097 293 4180 adamasset,
338 4100 405 4188 ipse
443 4109 548 4165 tamen
589 4100 802 4169 mediocribus
837 4107 925 4163 ortus
968 4095 1202 4196 parentebusas

8 4227 11 4234 ,
39 4183 153 4268 nuptias
187 4183 389 4274 desperabat.
452 4185 560 4272 Quum
596 4199 702 4256 autem
734 4184 857 4256 Atticae
895 4182 992 4252 semel
1025 4201 1162 4267 vngmes

1264 3691 1271 3703 .

1331 3757 1335 3898 l

1327 4171 1330 4227 l
