2698 4804
268 266 449 367 nyuogr.
477 265 548 339 ιιι.
603 261 987 366 rano-ra«
1089 261 1173 340 aas
1277 267 1280 276 ’

63 447 132 513 ribus
153 450 217 537 apri
249 451 470 534 intersectnm3
512 463 653 538 tuncque
679 449 823 517 lacrimas
851 450 997 518 imbrium
1018 459 1050 518 et
1069 449 1172 518 fluen-

63 543 150 598 torum
173 550 256 603 terra
285 539 439 627 producit
491 536 542 602 De
570 538 682 603 Adone
709 547 816 602 tamen
846 549 950 604 amato
982 536 1172 623 Fulgentius

59 617 131 681 aliud
152 623 254 688 sentit.
302 621 403 707 ‚Quod
424 634 461 688 ut
480 623 537 688 liat
557 622 749 701 evidentius,
785 622 825 686 ab
850 622 950 688 altiori
978 622 1171 706 inchoiimus.

58 700 175 790 Myrrha
196 708 303 794 itaque
333 721 453 796 patrem
476 731 600 772 amasse
630 707 744 773 dicitur
766 713 798 772 'et
820 729 890 772 curn
914 707 1028 773 eodem
1048 708 1170 775 ebriato

57 792 261 858 concubuisse.
303 794 365 866 Qui
409 817 482 858 uum
504 815 571 858 rem
593 794 757 868 rescisset,
779 792 948 878 evaginato
969 815 1041 859 eam
1060 807 1195 882 perse-5

55 884 137 941 cutus
158 890 205 943 est
225 877 342 966 gladio.
386 818 450 944 hta
487 877 520 944 in
555 879 702 945 arborem
739 876 897 968 myrrham
923 900 1080 944 conversa
1110 891 1172 946 est.

54 957 148 1028 Quam
190 985 264 1028 uurn
285 976 376 1052 pater
397 961 504 1050 gladio
533 965 756 1052 percussisset,
790 961 906 1029 Adonis
935 961 1049 1028 exinde
1078 974 1172 1031 natus

55 1053 121 1109 est'
189 1048 284 1137 yrrha
306 1049 404 1136 igitur
425 1070 528 1136 genus
551 1060 600 1116 est
619 1047 743 1114 arboris
761 1046 792 1112 in
814 1047 923 1125 lndia,
960 1067 1044 1135 quae
1065 1049 1174 1115 calore

54 1128 118 1196 solis
151 1145 328 1216 crematur,
363 1156 475 1222 quern,
514 1143 550 1200 ut
577 1158 612 1199 su
639 1156 674 1200 ra
701 1130 851 1213 diximus,
884 1141 1006 1220 patrem
1033 1135 1173 1208 omnium

51 1235 116 1280 esse
136 1214 301 1302 dicebaut,
336 1219 423 1306 quod
444 1219 511 1306 ejus
532 1158 684 1308 opitulata
706 1229 821 1306 cuncta
848 1218 1026 1304 germinum
1046 1217 1215 1288 adoles-lo
1257 1259 1265 1272 .

54 1312 99 1365 cat
133 1305 285 1382 varietas;
323 1303 408 1370 unde
445 1315 569 1392 patrem
605 1327 730 1371 amasse
768 1302 892 1369 dieitur.
953 1301 1045 1379 Quae
1074 1326 1173 1392 quum

51 1385 221 1468 grandioris
263 1390 357 1456 inierit
394 1390 536 1466 ruboris,
574 1389 646 1455 solis
688 1387 854 1454 ardoribus
890 1409 1023 1479 crepans
1060 1389 1171 1455 rimam

53 1470 161 1551 eiiicit,
192 1495 367 1563 perquam
387 1479 498 1542 sucum
516 1474 670 1554 desudat,
691 1475 744 1561 qui
761 1473 872 1542 itidem
893 1475 1021 1563 myrrha
1041 1473 1172 1555 dicitur;

4 1607 12 1624 .
53 1556 88 1618 ob
108 1580 200 1646 quarn
224 1582 294 1625 rern
312 1560 455 1629 Adonem
475 1561 577 1626 fertur
605 1559 773 1645 genuisse,
810 1560 863 1648 qui
892 1561 1049 1624 suavitas
1074 1561 1171 1626 inter-

51 1656 202 1787 pretatum
237 1645 320 1712 haec
349 1646 430 1710 enirn
459 1645 581 1734 species
610 1643 711 1710 odore
731 1644 834 1712 suavis
858 1655 916 1710 est.
964 1643 1043 1710 Ideo
1064 1655 1213 1714 autem15

77 1747 149 1794 eous
170 1753 244 1796 eum
270 1743 393 1796 amasse
410 1727 542 1809 dicitur,
573 1730 739 1817 quiahoc
768 1751 872 1815 genus
922 1727 1053 1819 igmenti
1081 1729 1172 1797 valde

51 1808 271 1900 sitlfervidurn.
315 1815 410 1882 Unde
430 1826 464 1882 et
484 1815 654 1883 Petronius
672 1813 807 1881 ‘Arbiter
834 1814 876 1882 ad
901 1753 1038 1884 hbrdrnrs
1061 1816 1172 1884 conoi-

50 1904 214 1968 tameotum
239 1923 278 1967 se
297 1900 490 1990 myrrhinum
514 1900 663 1990 poculum
685 1899 800 1966 bibisse
818 1900 925 1967 resen.

126 1987 176 2052 18.
222 1987 297 2052 Cur
324 1991 421 2052 Amor
453 1987 586 2054 Veneris
615 1986 741 2052 dicatur
767 1985 869 2066 filius,
908 1984 1008 2052 nullus
1033 1985 1172 2074 ignorat,

51 2086 138 2150 quum
159 2093 199 2136 ex
222 2070 390 2160 voluptatis
413 2070 571 2140 desiderio
592 2093 731 2136 amorem
754 2071 839 2137 nasci
861 2084 982 2137 certum
1004 2069 1053 2139 sit
1095 2071 1214 2139 Pro-ao

50 2151 128 2234 gitur
145 2170 259 2224 autem
281 2161 379 2223 Amor
397 2179 494 2242 puer,
528 2156 603 2244 quia
631 2154 832 2242 turpitudinis
864 2169 912 2221 est
934 2154 1028 2221 stulta
1050 2156 1171 2244 cupidi-

50 2246 109 2314 tas,
137 2254 170 2309 et
200 2242 278 2330 quia
297 2241 502 2328 imperfectus
531 2253 580 2307 est
605 2241 638 2305 in
668 2240 861 2320 amantibus,
896 2239 980 2306 sicut
1000 2241 1031 2306 in
1053 2243 1171 2329 pueris,

51 2341 152 2390 sermo.
201 2327 298 2392 Unde
318 2325 466 2425 Virgilius
488 2325 530 2392 de
556 2325 848 2410 Didoneamante:

121 2411 261 2499 Incipit
285 2408 405 2500 effari,
441 2411 621 2500 medioque
641 2411 679 2475 in
700 2433 778 2476 voce
799 2407 945 2475 resistit.
1048 2409 1051 2419 “

46 2489 162 2569 Alatus,
199 2497 278 2585 quia
314 2497 490 2565 amantibus
521 2517 584 2564 non
619 2496 715 2562 levius
747 2493 864 2583 aliquid
891 2517 951 2560 nec
981 2495 1211 2565 mutabiliusdt

47 2573 185 2664 Sagittas
209 2583 294 2659 fert,
327 2605 409 2670 quoe
438 2594 471 2649 et
501 2581 752 2668 ipsae-incertae
772 2592 846 2648 sunt
867 2592 900 2648 et
920 2578 1061 2663 veloces;
1095 2583 1170 2663 sire,

44 2671 76 2725 nt
94 2666 158 2732 vult
181 2665 372 2753 Remigius,
404 2668 478 2755 quia
499 2666 693 2735 conscientia
713 2667 848 2734 criminis
868 2669 1041 2754 perpetrati
1061 2669 1171 2736 stimu-

43 2741 81 2812 let
98 2763 252 2818 mentem.
308 2754 413 2818 Aurea
447 2761 551 2819 autern
574 2752 693 2838 sagitta
713 2774 853 2820 amorem
881 2752 990 2832 mittit,
1024 2752 1171 2841 plumbea

44 2830 133 2915 tollit,
155 2837 236 2926 quia
259 2839 375 2904 amanti
397 2841 486 2904 amor
506 2837 656 2928 pulcher,
675 2848 713 2904 nt
732 2859 854 2918 aurum,
875 2860 939 2903 non
961 2840 1077 2907 emanti
1095 2857 1170 2904 vero

5 2945 8 2956 ·
43 2935 89 2983 res
110 2922 238 3008 gravis,
273 2933 310 2989 ut
325 2923 503 3011 plumbum,
534 2921 667 2989 ridetur.
709 2921 788 2988 Ideo
810 2921 930 3004 nudus,
967 2925 1040 3010 quia
1072 2925 1213 3013 turpi-30
1263 2933 1265 2938 “

41 3003 115 3070 tudo
138 3030 158 3072 a
181 3006 281 3074 nudis
302 3009 482 3095 peragitur;
521 3007 568 3074 vel
595 3006 671 3096 quia
697 3007 787 3074 inea
808 3007 1002 3096 turpitudine
1030 3009 1101 3076 nibil
1123 3021 1182 3096 est,

40 3102 208 3162 secretum.
267 3093 377 3174 Duae'
399 3109 505 3162 autem
533 3094 707 3161 secundum
739 3091 875 3158 eundem
895 3093 1078 3182 Remigium
1097 3105 1172 3163 sunt
1284 3129 1290 3142 r

39 3170 200 3259 Veneres3
236 3199 299 3244 una
316 3175 410 3246 ‘casta
431 3193 470 3266 et
481 3179 615 3267 pudica,
637 3189 732 3267 quam
752 3178 892 3246 honestis
912 3202 1060 3268 praeesse
1082 3203 1171 3246 amo·

38 3257 139 3342 ribus,
175 3285 341 3351 quamque
369 3265 500 3332 Vulcani
521 3264 598 3330 dicit
616 3284 765 3345 uxorem3
799 3262 914 3329 dicitur
934 3265 1033 3335 altera
1062 3266 1171 3354 volup-

37 3346 130 3428 taria,
168 3348 339 3414 libidinum
376 3349 454 3431 dea,
495 3351 585 3440 cujus
623 3348 927 3436 Hermaphroditum
964 3349 1040 3417 dicit
1073 3351 1212 3435 filiumta

38 3429 142 3499 luisse.
187 3431 373 3521 Itidemque
392 3437 525 3503 Amores
546 3434 628 3517 duo;
650 3435 729 3501 alter
751 3437 850 3500 bonus
871 3447 904 3502 et
925 3436 1076 3523 pudicus,
1105 3459 1170 3521 quo

36 3517 191 3602 sapientia
213 3529 249 3593 et
269 3520 397 3586 virtutes
419 3534 579 3602 amantur;
610 3518 688 3590 alter
707 3519 885 3607 impudicus
905 3530 938 3587 et
958 3522 1075 3603 molus,
1105 3543 1170 3610 quo
1208 3593 1209 3602 χ

36 3601 74 3666 ad
107 3605 188 3671 vitia
222 3604 416 3670 inclinamur.
475 3607 584 3682 Quare
614 3606 709 3674 etiam
748 3605 790 3671 ad
830 3606 1061 3674 distinctionem
1097 3608 1171 3674 boui

35 3689 151 3756 amoris
176 3687 342 3780 pluraliter
360 3693 492 3756 Amores
512 3693 633 3782 plerum
657 3713 698 3758 ue
725 3691 926 3795 appellamus.

118 3777 174 3842 19.
224 3774 273 3840 Ad
296 3775 388 3842 bu'us
409 3777 546 3863 figuram
568 3715 674 3845 subdia
692 3776 822 3864 respicit
837 3777 878 3844 de
899 3777 990 3842 Hero
1011 3787 1044 3844 et
1063 3776 1213 3845 Lean-ro

1262 1119 1270 1160 l

35 3854 89 3924 dro
114 3861 271 3928 conficta.
377 3884 412 3926 ro
435 3863 517 3928 enim
545 3885 660 3942 amor,
691 3862 841 3943 Leander
868 3861 1024 3927 virorum
1047 3857 1173 3928 solutio

31 3941 278 4034 interpretatur.
326 3947 448 4014 Amavit
467 3948 567 4036 igitur
580 3947 705 4034 juvenis
725 3946 875 4013 Lebnder
904 3947 1015 4011 Heron
1038 3943 1170 4033 puellam

31 4031 291 4097 transmarinam.
334 4032 383 4098 Ad
404 4055 499 4121 quam
520 4045 626 4122 quum'
637 4033 680 4098 de
694 4033 790 4100 nocte
810 4041 943 4110 nataret,
965 4031 1015 4097 illa
1032 4033 1064 4097 in
1085 4043 1172 4099 terra
1238 4037 1240 4046 ’

30 4127 145 4184 contra
171 4125 281 4195 stans,
304 4137 343 4181 ne
361 4137 383 4184 'a
405 4139 465 4186 sno
486 4118 578 4185 litore
599 4119 781 4198 oberraret,
806 4116 985 4204 lampadem
1003 4116 1031 4182 ei
1056 4138 1170 4184 accen-

29 4197 139 4266 debat.
204 4198 352 4274 Quadam
375 4203 559 4272 nocte'nrta
579 4211 769 4291 tempestate
801 4203 1002 4290 extinctaque
1032 4201 1212 4280 lucernata
1277 4242 1282 4250 ·

23 4279 154 4370 invenis
177 4286 367 4356 submersus
387 4295 460 4358 est'
487 4291 589 4382 Cujus
610 4288 801 4379 corposubi
822 4289 913 4377 rirgo
934 4288 1169 4380 vidit-decium,
