2716 4794
155 239 213 320 90
425 190 431 219 ’
465 217 650 326 Mytboyr.
677 213 748 298 n:
784 215 990 312 tra-atti
1094 284 1129 360 st

153 415 252 506 iegati
276 411 365 505 pacis
387 405 617 476 caduceatores
633 406 805 478 dicantur.
854 397 964 482 'stetit
980 402 1140 502 enimper
1160 413 1285 482 imina
1356 466 1357 491 ,

54 545 61 556 ·
153 505 235 570 betia
253 501 490 576 indicebantur,
523 495 569 562 ita
612 499 652 560 arr'
673 518 732 583 per
754 493 985 569 caduceatores
1010 501 1118 568 fiebat.
1159 495 1287 591 Ἐρμῆς

154 588 262 656 autem
280 589 408 654 Graece
429 579 555 662 dicitnr,
606 579 695 649 atine
710 583 903 683 interpres,
963 619 968 628 ·

544 741 619 820 M.
672 713 899 847 Orphens.
983 735 988 746 ’

118 911 136 960 5
239 881 368 972 Apollo,
387 879 455 970 lyra
477 898 556 944 acce
580 885 630 954 ta,
649 875 836 963 Orpheum,
858 879 983 966 Oeagri
1007 878 1143 966 fluminis
1161 890 1195 947 et
1211 881 1288 950 cat-

153 967 253 1058 liopes
276 972 389 1036 Musae
410 965 518 1041 fliium,
539 897 656 1028 dieitur
677 959 836 1040 docuisse,
857 977 892 1032 et
934 977 1080 1052 pstquam
1101 966 1170 1055 ipse
1191 967 1288 1036 citha-

153 1079 221 1124 ram
251 1055 385 1132 incenit,
412 1051 517 1142 *lyram
548 1046 589 1114 ilii
619 1051 827 1118 concessisse.
920 1050 951 1117 ‘o
981 1064 1087 1118 autem
1117 1053 1288 1142 theologus

27 1135 32 1160 ²
151 1141 230 1222 init,
261 1154 294 1209 et
314 1139 407 1228 orgia
429 1135 547 1225 primus
568 1132 712 1230 instituit.
761 1134 807 1204 Et
828 1136 903 1223 quia
932 1136 1096 1206 hominum
1129 1139 1287 1210 feritatem

152 1222 276 1294 morum
300 1223 479 1313 composuit
497 1217 714 1296 institutione,
737 1218 854 1290 dieitur
874 1222 1007 1292 arbores
1029 1234 1063 1292 et
1087 1247 1164 1294 saxa
1186 1225 1231 1294 ad
1252 1251 1288 1296 se

109 1311 344 1388 losodiendum
367 1305 597 1384 commovendo
618 1305 775 1374 iliicuisse.

214 1489 216 1496 ,
234 1427 317 1494 Erat
329 1433 442 1490 autem
462 1423 473 1489 i
496 1423 523 1491 si
546 1443 611 1488 una
635 1421 878 1512 eraDryadibns
896 1445 987 1503 uxor,
1010 1421 1182 1494 dicta—Eur
1204 1425 1287 1500 dice.

150 1512 244 1589 Quae
276 1508 427 1588 Aristaei,
463 1447 516 1576 {hit
551 1505 700 1592 Aoilinis
719 1523 752 1576 et
773 1509 918 1600 Cyrenes
946 1511 1133 1601 Nymphae,
1175 1450 1289 1593 aenei,

149 1597 286 1664 fluminis
324 1591 530 1674 Thessaliae,
588 1595 664 1673 bae,
701 1591 830 1661 insidias
852 1593 997 1683 fugiens,
1036 1609 1220 1686 serpentem
1255 1601 1287 1666 in

28 1741 29 1749 ,
149 1696 241 1771 prato
270 1681 419 1748 latentem
447 1681 596 1762 incurrit,
637 1677 727 1768 eujus
746 1679 853 1748 *etiam
884 1704 1005 1748 veneno
1035 1684 1136 1771 periit
1187 1686 1287 1754 Unde

109 1765 268 1838 ladoloris
293 1766 488 1853 impatientia
508 1768 657 1855 turbatus
679 1767 727 1832 0r
749 1766 849 1848 heus,
881 1766 890 1834 l
913 1789 949 1834 ra
971 1781 1123 1858 accepta,
1153 1769 1285 1840 'faena-

147 1857 211 1920 tias
234 1855 342 1918 fauces
365 1851 459 1931 adiit,
492 1864 525 1919 et
546 1865 659 1920 cautus
681 1789 850 1918 duhedtne
869 1793 953 1920 Dyitis
976 1853 1133 1923 feritatem
1146 1880 1285 1946 ‚permo-

147 1941 206 2017 vit,
229 1937 400 2026 impetrans
421 1935 606 2027 Eurydicen
627 1960 666 2005 ea
688 1946 810 2016 tanturn
832 1938 906 2028 iege
925 1938 988 2008 'sibi
1009 1940 1130 2044 reddi,
1150 1954 1188 2011 nt
1211 1970 1284 2014 eam

92 2041 97 2052 ‘
145 2028 393 2114 subsequentem
415 2024 644 2113 praecederet,
672 2044 733 2090 neo
751 2024 831 2090 iilius
854 2047 950 2092 causa
974 2025 1072 2094 visum
1094 2039 1182 2096 retro
1204 2035 1284 2100 fleo-

145 2124 238 2180 teret.
292 2108 417 2180 Amoris
446 2112 561 2178 'autem
600 2109 795 2200 impatientia
827 2109 922 2180 datae
953 2111 1014 2178 sibi
1042 2111 1124 2200 legis
1154 2117 1284 2201 obiitus,

8 2233 10 2238 ·
103 2195 235 2290 auseae,
256 2191 332 2288 jam,
362 2196 527 2286 potestatis
564 2196 736 2284 con'rigem
773 2197 930 2284 respexit,
975 2195 1114 2300 legeque
1141 2200 1283 2274 satorum

145 2307 221 2374 earu*
236 2281 439 2363 retrahente,
469 2281 574 2351 subito
597 2222 639 2352 ab
660 2280 760 2350 oculis
781 2280 902 2370 lapsam
924 2281 1071 2372 perdrdit.

221 2439 223 2446 ⁵
277 2447 347 2523 45.
411 2441 632 2551 Juppiter
666 2415 707 2526 et
738 2411 887 2550 heina
919 2449 1138 2555 Nympha.
1352 2524 1356 2533 .

228 2581 374 2669 Juppiter
394 2582 529 2645 Aetnam
543 2573 725 2669 Nympham
746 2575 933 2665 compressit
954 2588 988 2644 et
1006 2578 1172 2666 grandnm
1195 2581 1287 2654 fecit.

143 2667 247 2740 Quam
269 2687 366 2752 quum
388 2665 474 2730 June
496 2677 754 2751 persequeretur,
774 2662 826 2728 itta
846 2663 972 2730 Terrae
992 2663 1168 2753 implorauit
1190 2673 1287 2738 auxi·
1355 2723 1356 2726 ,

75 2751 237 2835 ¹natium,
270 2752 301 2816 in
324 2750 414 2838 cujus
446 2750 533 2816 sinus
565 2762 722 2838 recepte,
750 2748 841 2816 enixa
869 2760 918 2816 est
945 2751 1107 2837 geminos,
1140 2755 1287 2830 necdum
1353 2744 1356 2816 s

164 2849 235 2902 artu
257 2846 398 2912 maturo.
421 2835 512 2914 tet,
534 2845 571 2903 ut
588 2835 639 2901 aiii
662 2834 781 2914 dicum,
802 2835 949 2928 Juppiter
971 2837 1085 2904 timens
1106 2838 1287 2925 iunonem,
1352 2876 1356 2910 ·÷

141 2861 268 2989 h'errae
288 2921 533 2988 commendabat
552 2921 672 3012 ipsam3
706 2919 885 2990 secundum
912 2919 1008 3004 alios,
1040 2935 1167 3010 parturn
1199 2928 1285 3018 ejus.
1351 2924 1356 3001 ,¹³

140 3008 213 3076 Hos
233 3021 322 3076 terra
338 3007 425 3088 ,intra
445 3005 605 3098 gremium
625 3018 806 3078 suum-tam
828 3007 883 3074 din
916 3006 1012 3088 fovit,
1046 3008 1197 3098 quamdin
1230 3015 1287 3082 tex

140 3093 224 3161 uteri
242 3089 454 3183 postulabat,¹
489 3106 648 3182 ,osteaque
680 3093 774 3160 enixa
796 3099 854 3161 est.
896 3091 993 3158 Unde
1014 3092 1132 3174 Palici,
1168 3095 1202 3161 id
1233 3113 1287 3171 est

98 3175 194 3249 nobis
212 3179 350 3268 geniti,
379 3118 526 3282 appeliati
546 3195 628 3250 suot
663 3179 892 3270 ,Hosautem
923 3177 1057 3246 immites
1090 3181 1209 3277 spisse,
1250 3193 1289 3254 et

90 3293 94 3302 ·
142 3263 280 3332 humano
310 3285 469 3352 sangurne
496 3266 617 3354 placari
646 3274 835 3344 consuetos,
869 3263 976 3334 fabula
1004 3263 1198 3348 disserente,
1231 3285 1288 3340 est

52 3349 53 3354 ’
138 3351 308 3430 firmatum.
350 3351 471 3420 Postea
492 3350 683 3440 quibusdam
704 3349 805 3420 seems
826 3349 961 3438 mitigati
983 3365 1074 3433 sunt,
1110 3365 1288 3426 eteorum

137 3436 303 3525 immutata
322 3435 488 3522 sacrificia,
1100 3459 1101 3463 ’

402 3693 407 3702 ν
529 3589 599 3681 tt.
662 3603 887 3709 Cybele.

95 3759 132 3808 ³5
223 3718 349 3823 Cybele
375 3741 478 3801 mater
508 3732 642 3808 deorum
681 3732 811 3811 dieitur,
848 3753 933 3818 quae
964 3730 1071 3798 currui
1099 3733 1286 3824 subjunctis

99 3884 105 3890 ,
138 3815 282 3884 leonibus
304 3816 435 3887 rebitur.
479 3818 680 3910 Corybantes
702 3818 816 3885 strictis
836 3815 1101 3908 gindiismunitos
1115 3819 1287 3892 ministros

136 3901 274 3981 habere,
307 3915 341 3972 et
360 3905 504 3972 turritam
527 3918 657 3993 gestare
688 3916 839 3970 coronam
869 3904 1008 3990 fingitur.
1062 3903 1143 3970 Ideo
1175 3909 1290 3994 igitur

137 4000 238 4055 mater
259 3988 393 4060 deorum
415 4013 512 4057 curru
529 3991 599 4059 rehi
620 3989 744 4069 dicitur,
764 3989 840 4078 quia
859 3989 935 4079 ipsa
949 3997 1001 4057 'est
1017 4001 1113 4071 terra,
1137 4015 1225 4078 quae
1245 3995 1288 4063 in

135 4069 213 4138 aitr‘e
233 4076 445 4162 suspenditur.
478 4075 569 4228 &a
592 4076 764 4144 sustinetur
784 4074 881 4156 rotis,
916 4075 992 4162 quia
1020 4075 1158 4144 mundus
1188 4089 1289 4154 rota-

48 4204 52 4218 .
95 4169 190 4230 antur
225 4171 259 4226 et
295 4161 473 4227 revolubiiis
526 4173 563 4230 st.
621 4161 701 4228 Ideo
738 4160 1032 4250 eisubjuuguntur
1061 4162 1188 4244 leones,
1239 4178 1295 4236 ut

137 4243 341 4324 ostendatur,
359 4258 550 4314 maternam
571 4248 723 4336 pietatem
744 4258 847 4327 tetum
869 4243 965 4337 posse'
986 4269 1147 4336 superare.
1192 4248 1288 4320 Ideo
