2786 4800
171 149 227 228 sc
302 253 306 262 Ι
394 109 396 118 ⁴
463 149 710 254 nyssam.
765 111 1024 228 reoque.
1139 135 1205 156 ”

170 336 314 406 dirersas
334 335 425 428 potiit
453 336 623 426 regionem
658 335 826 406 uerissime
862 338 1025 408 constituit
1051 337 1213 420 Ciliciam,
1250 363 1315 409 neo

169 425 273 494 minus
294 423 440 492 Phoenix
461 446 481 490 a
501 447 561 494 suo
583 423 710 490 nomine
730 424 925 501 Phoenicen.
963 424 1117 508 Cadmus,
1139 427 1313 516 desperato

167 534 229 598 spe
250 509 370 578 visendi
388 509 536 598 parentis.
578 509 603 576 A
627 509 726 576 ollinis
747 510 911 578 oraculum
932 509 1113 599 ingreditur
1136 514 1313 592 sciscitans,

170 597 209 665 in
234 593 358 682 quihus
378 594 541 682 partibus
561 531 654 660 ordis
674 595 888 664 consisteret.
929 599 1070 686 Accepta
1091 598 1200 701 itaque
1211 611 1312 679 sorte,

142 689 207 749 tut
232 704 361 748 vaccam
384 702 404 746 a
424 701 532 768 grege
560 691 735 759 secretam,
767 703 850 768 quae
870 681 965 748 lunae
995 683 1122 770 signum
1150 707 1182 748 m
1209 684 1312 752 lutere

167 768 321 848 haberet,
351 777 484 852 ageret,
518 774 551 831 et
582 765 637 845 nbi
667 764 752 832 fessa
773 767 1015 854 procubuisset,
1043 769 1087 834 ibi
1109 771 1222 836 urbem
1245 781 1311 837 stu·

166 865 289 940 tueret3
324 850 461 938 parentis
491 859 668 953 praecepto
701 851 734 916 in
772 873 844 919 eam
889 865 1007 936 terrem
1040 853 1183 929 devenit,
1225 877 1311 944 quae

168 949 281 1030 posteo
304 937 440 1005 Boeotia
468 933 555 1002 drotu
583 948 641 1006 est.
684 935 749 1003 Hic
781 959 879 1028 quum
909 938 951 1004 ad
981 939 1100 1008 fontem
1121 939 1234 1007 Martis
1258 965 1311 1008 so·

171 1024 238 1092 cios
275 1033 426 1111 aquatum
440 1075 443 1083 .
459 1021 614 1102 misisset,
651 1019 769 1090 invenit
799 1045 857 1092 eos
889 1046 909 1090 a
942 1023 1086 1091 dracone
1116 1038 1311 1096 consumtus.

124 1113 163 1179 λθ
171 1108 267 1192 Quod
291 1110 344 1180 ubi
369 1107 461 1188 vidit,
493 1118 672 1196 serpentem
692 1107 867 1189 interemit,
901 1120 934 1177 et
963 1107 1075 1187 dentes
1097 1112 1163 1202 ejus
1185 1112 1310 1182 evulsos

170 1198 265 1264 sevit:
288 1218 328 1260 ex
350 1195 465 1282 quibos
486 1189 653 1260 multitudo
676 1206 869 1262 armatorum
886 1195 1047 1283 gignitur,
1070 1220 1154 1284 quae
1171 1198 1255 1264 inter
1273 1221 1311 1265 se

168 1281 346 1349 domestico
368 1278 449 1346 bello
472 1279 650 1366 confligens
671 1279 828 1363 concidit;
858 1281 902 1346 ita
931 1292 966 1348 ut
992 1303 1032 1348 ex
1054 1304 1093 1348 ea
1113 1281 1312 1351 multitudine

168 1369 308 1458 quinque
329 1377 451 1438 tanturn
472 1364 527 1430 viri
549 1364 819 1452 relinquerentur,
849 1365 902 1454 qui
927 1365 1129 1436 aMinervae
1150 1369 1311 1438 voluntate

168 1453 359 1520 coude'ndue
381 1449 451 1518 urbi
475 1449 660 1516 Thebarum
684 1451 810 1518 Cadmo
832 1451 910 1518 socii
930 1449 1029 1518 additi
1050 1467 1133 1522 sunt.
1161 1457 1310 1535 Quorum

124 1543 308 1696 miamin}
326 1548 399 1604 snut
432 1536 531 1603 haece
569 1535 712 1618 Echion,
750 1537 885 1620 Idaeus;
923 1533 1122 1624 Chthonius,
1161 1539 1314 1638 Pelorus,

200 1649 278 1717 yper
300 1647 363 1690 ron.

383 1733 476 1814 150.
530 1731 726 1838 Cadmus
756 1746 798 1812 el
821 1735 1092 1814 Hermiona.
1137 1701 1151 1832 ἡ·
1231 1821 1236 1829 ,

165 1909 169 1918 ·
253 1863 415 1946 Cadmus,
446 1865 603 1952 Agenoris
630 1863 730 1945 lilius,
763 1881 931 1952 postquam
959 1866 1154 1956 inspectator
1176 1888 1306 1936 snorum

167 1953 382 2021 calauritatum
422 1947 528 2017 suerat
567 1949 599 2016 iu
630 1950 716 2017 exitu
743 1947 913 2039 nepotum,
955 1975 1088 2042 perosus
1118 1953 1307 2021 Thebarum

122 2041 260 2114 aosedes
289 2061 364 2104 oum
391 2035 584 2112 Hermiona,
614 2034 748 2103 Veneris
776 2048 808 2106 et
829 2037 940 2106 Martis
961 2039 1042 2114 lilia,
1070 2038 1210 2144 conjuge
1237 2063 1306 2120 sua,

163 2129 197 2194 in
227 2126 369 2214 illyricos
402 2123 491 2193 sinos
519 2121 673 2211 profugit.
717 2121 775 2190 lbi
804 2145 824 2189 a
851 2121 909 2188 diis
942 2125 1040 2226 petita
1069 2147 1173 2204 renra,
1211 2139 1247 2193 ut
1271 2127 1304 2190 in

163 2212 313 2280 draconis
340 2210 484 2316 speeiem
513 2218 771 2289 converteretur,
806 2209 859 2298 qui
889 2208 977 2276 initio
1005 2209 1078 2276 mali
1107 2233 1205 2279 cansa
1234 2211 1304 2294 suit,

163 2313 242 2368 uota
263 2310 336 2366 sunt
354 2295 501 2390 impletu,
530 2305 564 2362 et
592 2293 624 2360 in
645 2307 810 2383 serpentes
834 2295 929 2363 umbo
949 2296 1031 2363 versi
1053 2307 1136 2364 sunt.

84 2456 89 2464 ‘
222 2437 245 2503 f
336 2433 338 2440 ’
399 2431 494 2520 151.
547 2431 1052 2520 MonileHe'rmionae.
1225 2408 1230 2417 ¹

70 2635 73 2640 .
117 2587 155 2642 ds
253 2569 445 2649 Hermione,
491 2589 552 2634 uae
568 2547 612 2634 ex
633 2563 752 2652 Martis¹
765 2575 799 2631 et
819 2563 951 2634 Veneris
971 2563 1127 2634 adulterio
1148 2575 1223 2632 uoto
1243 2575 1305 2647 est,
1373 2535 1375 2546 ,

45 2711 48 2720 .
170 2679 265 2747 quum
287 2655 452 2746 praedicto
505 2651 599 2720 admo
615 2650 808 2742 jungeretur
830 2651 1048 2730 matrimonio,
1079 2673 1212 2719 aureum
1233 2675 1303 2719 mo-

166 2745 228 2811 nile
257 2741 390 2810 Vulcani
421 2740 546 2828 accepit
570 2737 675 2820 dono,
705 2735 885 2825 hujusmodi
912 2737 1041 2805 venenis
1070 2738 1241 2820 iniectum,
1268 2749 1305 2806 ut
1374 2711 1375 2748 ¹

166 2851 301 2914 necesse
330 2836 416 2896 esset
445 2826 508 2895 hoo
537 2847 649 2891 aurum
677 2823 818 2976 gestanti
841 2845 1063 2892 aerumnarum
1085 2823 1220 2893 molibus
1244 2845 1302 2913 op-

121 2939 284 3084 ..titt
302 2911 454 3068 itttt.
476 2933 580 3076 itt.
598 2907 1302 3064 tttttttbttlt.tttlhtffltlt}

119 3148 125 3174 ,
161 3111 236 3159 vero
261 3081 436 3154 Hermiona
459 3093 491 3152 et
511 3081 676 3162 cadmus,
702 3081 749 3150 rir
771 3080 854 3171 ejus,
879 3081 912 3147 in
940 3080 1097 3149 dracones
1123 3092 1198 3150 sunt
1224 3103 1301 3148 oon-

160 3175 251 3244 versi
295 3167 423 3256 Deinde
451 3167 528 3236 illud
557 3167 684 3256 accepit
709 3169 838 3254 Agave,
893 3188 955 3233 uae
983 3167 1017 3234 in
1044 3165 1184 3238 sutorem
1210 3189 1303 3236 verse

160 3261 259 3333 filium
293 3279 386 3326 suum
421 3253 602 3322 Pentheum
636 3251 813 3320 trucidavit.
906 3249 999 3320 einde
1027 3251 1173 3329 Semele,
1219 3273 1303 3341 qnae

160 3349 288 3420 Junone
314 3341 515 3422 seducente,
552 3338 715 3408 fulminata
743 3348 839 3405 est-o
864 3337 954 3407 Jove.
1006 3337 1136 3404 Deinde
1161 3337 1302 3418 Iocasta,

113 3425 243 3516 h5uxor
272 3429 361 3510 Laii,
395 3449 479 3517 quae
510 3448 583 3492 eum
612 3425 675 3492 filio
707 3444 766 3490 suo
797 3421 926 3512 Oedipo
958 3446 1026 3492 rem
1055 3423 1195 3505 habens,
1227 3424 1303 3490 inde
1373 3487 1374 3506 ,

120 3581 126 3602 ,
161 3521 241 3588 filios
271 3530 304 3585 et
329 3515 407 3582 filias
435 3511 623 3602 procreavit
665 3509 806 3590 Postea,
832 3508 949 3596 Argia,
972 3508 1098 3578 Adrasti
1118 3509 1188 3574 filia
1201 3510 1302 3597 regis,
1373 3551 1374 3558 .

160 3628 241 3677 uxor
273 3599 451 3692 Polynicis,
479 3622 578 3686 ,quae
611 3597 804 3666 Thebanum
824 3595 952 3662 'bellum
980 3594 1059 3666 fieri,
1077 3595 1107 3660 ei
1132 3588 1304 3683 persuasit.

159 3693 280 3760 Ultimo
302 3702 407 3758 minen
431 3685 601 3776 Eriphyla,
625 3703 707 3752 uxor
728 3679 909 3770 Amphiarai
930 3681 1029 3760 vatis,
1051 3680 1195 3768 accepit,
1217 3703 1304 3768 quae
1373 3681 1374 3766 l

102 3775 106 3783 “
160 3780 324 3854 maritum,
346 3772 388 3840 ad
411 3770 527 3840 bellum
546 3772 595 3838 ire
615 3769 796 3850 nolentem,
814 3766 973 3855 prodidit,
995 3777 1027 3834 et
1046 3789 1150 3855 paene
1169 3765 1303 3834 invitum
1352 3769 1374 3828 -ἒ

117 3865 208 3954 wire
235 3862 352 3950 coiigit
1373 3887 1374 3982 p

161 4007 255 4087 152.
309 4005 553 4098 Eteocles,
596 3953 849 4100 Polynices
893 4011 937 4076 et
973 3995 1298 4102 Amphiaraus.
1373 3993 1374 4078 l

154 4161 157 4166 ·
244 4131 395 4201 Eteocles
415 4143 449 4201 et
468 4131 640 4224 Polynices
661 4130 796 4212 iratres,
823 4107 991 4210 Thebani,
1017 4128 1154 4216 r'egnum
1183 4126 1304 4214 pertiti,

160 4220 224 4288 hoc
252 4217 574 4310 pepigere-medus,
604 4229 642 4290 ut
669 4237 752 4286 nnus
786 4235 851 4284 nno
882 4225 966 4282 anuo
994 4231 1132 4302 regnum
1153 4211 1302 4296 haberet,
