2716 4794
161 194 241 286 ιιο
321 159 324 176 '
377 190 412 230 ‘s
457 193 639 296 ιιιιιοςι.
668 143 745 266 ιι.Ι
775 192 868 268 aaa.
898 191 995 272 aco.

87 455 89 460 .
160 377 285 448 cemodi
310 379 410 468 signis
431 365 581 447 utuntur.
614 339 834 470 Ganymedem
853 399 928 446 vero
949 377 1107 461 bellando,
1128 381 1176 450 bis
1196 382 1283 468 signis

160 467 404 568 praeeuntibus,
419 507 424 517 .
437 466 558 568 rapuit3
592 465 680 568 sicut
698 465 861 554 Europam
882 466 914 530 in
935 477 1027 532 tauro
1061 469 1206 568 rapuisse
1229 470 1282 532 l‘er-

117 597 122 602 -
158 567 228 633 tur,
251 550 284 618 rd
304 551 403 620 estin
425 571 515 646 narr,
546 567 628 618 tauri
649 563 804 640 picturam
825 549 975 618 habente.

381 713 476 792 199.
537 717 847 793 Herculeset
887 717 1045 818 Hylas.
1115 747 1118 754 ’

130 856 149 906 5
210 887 213 896 ·
242 845 402 914 Hercules
433 867 530 935 quum
562 867 670 912 comes
699 845 892 932 Argonautis
923 844 1129 925 accessisset,
1162 842 1283 934 Hylam,

155 930 407 1000 Theodamantis
447 932 562 1012 filium,
612 929 819 998 admirandae
856 929 1095 1019 pulchritudinis
1130 928 1284 1018 juvenem,

156 1040 264 1084 secum
287 1017 377 1088 duxit
397 1018 605 1105 armigerum
643 1015 734 1084 Idem
755 1038 876 1096 remum
901 1017 949 1082 fre
975 1017 999 1084 it
1020 1016 1052 1082 in
1073 1017 1168 1090 mari,
1210 1015 1283 1082 dum

124 1169 129 1178 ,
155 1125 214 1191 pro
242 1103 306 1170 suis
338 1103 476 1190 remigat
504 1103 628 1170 viribus.
687 1102 789 1194 Cujus
818 1039 986 1190 reparandi
1012 1101 1119 1188 gralia
1152 1100 1283 1190 Mysiam

156 1203 288 1276 petens,
311 1187 417 1255 silvam
441 1187 540 1256 fertur
561 1188 733 1290 ingressus.
784 1186 885 1276 Hylas
913 1207 987 1252 vero
1010 1209 1107 1274 quum
1135 1185 1283 1273 aquatum

113 1285 228 1340 1⁰cum
250 1295 329 1339 urna
357 1273 565 1361 perrexisset,
594 1295 626 1339 ιιι
657 1272 786 1338 flurium
820 1272 952 1350 cecidit;
986 1271 1071 1338 unde
1092 1295 1111 1336 a
1131 1271 1283 1360 Nymphis

151 1371 261 1448 raptus
300 1381 373 1425 esse
389 1357 525 1426 dicitur.
588 1359 693 1434 Quem
727 1357 802 1426 dum
838 1357 996 1424 Hercules
1032 1377 1205 1444 quaerens,
1246 1361 1283 1423 ab

152 1445 347 1532 Argonautis
367 1455 561 1531 segregatus
587 1455 688 1518 esset,
716 1442 748 1508 in
778 1443 880 1532 Mysia
910 1455 959 1509 est
979 1441 1114 1528 relictus.
1166 1441 1284 1510 Postea

150 1553 248 1618 quum
270 1529 434 1624 cognitum
465 1541 567 1609 essct,
599 1529 631 1595 in
660 1529 748 1596 fonte
782 1551 855 1594 eum
886 1528 1023 1615 perisse,
1063 1538 1180 1594 statuta
1213 1541 1284 1596 sunt

152 1617 181 1681 ei
203 1636 313 1695 sacra,
335 1615 369 1680 in
415 1613 506 1681 uibus
527 1629 595 1680 mos
620 1614 735 1694 fuerat,
757 1625 793 1680 ut
814 1635 928 1678 nomen
950 1613 1018 1703 ejus
1037 1611 1228 1680 clamaretur
1247 1615 1283 1680 ‘in

73 1691 81 1708 ⁶
107 1701 317 1792 tamontibus.
366 1637 418 1766 ‘Ad
452 1721 546 1790 quam
581 1699 784 1776 imitationem
818 1697 966 1785 Virgilius
1001 1697 1094 1766 dicit:
1126 1707 1168 1762 ut
1198 1697 1282 1762 litui

147 1787 251 1873 Hyla·
276 1783 376 1873 Hyla
396 1805 493 1850 omne
525 1795 672 1849 sonaret.
713 1781 895 1864 Hercules,
925 1782 1049 1876 perdito
1079 1781 1180 1873 Hyla,
1213 1795 1282 1884 post

146 1882 351 1957 peragratam
373 1869 506 1958 Mysiam
518 1870 669 1942 ,Colchos
683 1893 846 1958 pergens,
877 1870 1006 1936 naribus
1035 1870 1120 1936 venit
1141 1867 1280 1956 'I’royam

146 1959 175 2020 Α
206 1955 295 2044 cujus
331 1969 424 2042 portu
465 1975 561 2044 quum
598 1977 670 2021 eum
706 1954 912 2036 Laomedon,
955 1977 1012 2020 rex
1054 1953 1278 2041 'Projanorum

125 2053 288 2120 arceret,
310 2039 465 2106 simularit
486 2041 687 2116 abscessum,
711 2053 743 2108 et
764 2064 784 2106 a
806 2040 1022 2128 promontorio
1043 2040 1173 2128 Troiae,
1196 2039 1277 2126 quod

104 2139 279 2224 eapropter
301 2126 368 2214 ejus
391 2125 637 2227 taciturnitatem
660 2126 975 2228 Sigeumdictum
1008 2137 1057 2192 est
1081 2125 1175 2210 (uam
1192 2123 1280 2212 ,σιγὴ
1348 2167 1349 2198 ι

143 2212 325 2276 srleulzrrm
343 2208 487 2296 dicam),
508 2212 641 2302 'l'royam
662 2233 701 2277 ex
722 2233 890 2300 rmprorrso
915 2212 1006 2290 venit,
1024 2211 1135 2276 urbem
1156 2231 1280 2297 expug-
1348 2247 1349 2256 .

143 2296 263 2398 navit,
277 2295 532 2399 Laomedontem
554 2318 665 2382 regem
689 2295 865 2399 ipterl’ecit,
896 2296 1027 2399 ejusque
1048 2296 1142 2398 filiam
1164 2295 1280 2379 Hesio-

143 2403 233 2462 nem,
248 2403 323 2473 Jure
344 2379 415 2448 bellr
437 2382 610 2463 sublatam,
633 2383 739 2449 comiti
759 2378 941 2457 Telamoni,
963 2403 1018 2468 qm
1032 2401 1151 2468 primus
1170 2395 1280 2447 ascen-

144 2465 236 2534 derat
255 2488 396 2549 murum,
418 2465 565 2536 tradidit.
611 2465 706 2546 Unde
735 2477 784 2534 est
805 2479 897 2534 natus
920 2467 1059 2532 Teucer.
1102 2466 1187 2532 Nam
1210 2467 1280 2556 Aja-

101 2561 215 2622 2bcem
245 2551 373 2619 exalia
402 2563 527 2620 constat
554 2574 626 2618 esse
653 2564 771 2619 uatum.
816 2553 914 2620 'l'uoc
939 2553 1096 2620 Hercules
1116 2551 1281 2618 Priamum
1347 2569 1348 2580 ¹

142 2635 290 2724 quidem,
311 2635 489 2704 redemtum
510 2659 530 2702 a
551 2635 658 2703 ricinis
680 2637 892 2719 hostibus,·in
936 2648 1047 2705 aterno
1067 2661 1103 2704 re
1130 2659 1171 2702 no
1195 2636 1280 2705 loca·
1347 2647 1348 2692 l

136 2723 195 2789 nit
241 2723 363 2790 Postea
394 2743 492 2810 quum
525 2723 713 2806 excessisset
744 2747 764 2790 e
792 2724 865 2791 viris
930 2723 1079 2800 ercules,
1147 2723 1276 2803 riamus,

141 2808 246 2876 volens
273 2818 421 2909 repetere
445 2827 606 2909 sororem,
640 2809 804 2897 profectus
832 2823 882 2877 est
907 2831 983 2876 cum·
1010 2809 1126 2895 legatis
1146 2809 1282 2876 Salami-

141 2916 234 2974 nam,
265 2894 319 2958 ubl
341 2895 507 2962 constabat
536 2894 617 2975 1llam
637 2917 786 2983 regnare.
829 2898 871 2963 At
891 2895 1017 2962 minime
1039 2917 1109 2960 eam
1131 2908 1283 2981 repetere

97 2979 251 3056 eoraluit,
294 2977 429 3044 Graecis
459 2978 653 3058 dicentibus,
694 3004 731 3046 se
756 2981 831 3071 jure
853 2971 1011 3046 ‘bellorum
1044 3001 1115 3046 eam
1131 2980 1280 3046 babere.
1309 3033 1317 3065 ,

140 3065 235 3132 Unde
256 3061 355 3131 iratus
375 3064 522 3132 Priamus
548 3066 630 3132 misit
650 3065 801 3133 Paridem
823 3089 895 3154 cum
918 3065 1076 3143 exercitu,
1098 3073 1135 3130 ut
1156 3065 1278 3154 aliquid
1346 3111 1347 3116 η

137 3151 200 3216 tale
228 3146 421 3232 abduceret,
454 3165 509 3220 aut
538 3172 669 3218 uxorem
685 3153 780 3238 'regis
802 3163 858 3218 aut
883 3150 988 3219 filiam.
1031 3150 1096 3225 Qui
1115 3151 1148 3216 in
1171 3151 1279 3217 Grae·
1346 3161 1347 3170 ’

137 3236 218 3304 ciam
239 3234 393 3316 veniens,
415 3236 614 3324 interpellare
638 3235 747 3325 coepit
766 3237 939 3317 Helenam,
968 3235 1104 3302 Menelai
1130 3257 1277 3303 uxorem.
1346 3245 1347 3306 ι

137 3321 231 3396 Quae
251 3331 350 3410 quum
370 3320 400 3392 ei
421 3323 600 3402 consentire
629 3322 799 3399 noluisset,
833 3343 984 3410 egressus
1015 3319 1096 3399 ille,
1115 3321 1277 3389 civitatem

93 3415 128 3467 ³5
139 3403 274 3475 obsedit.
317 3401 392 3484 Qua
413 3405 721 3488 eversa,fle1enam
742 3405 864 3493 rapuit3
885 3406 970 3473 unde
991 3419 1102 3495 postea
1123 3430 1144 3472 a
1160 3407 1279 3474 marito
1346 3475 1347 3502 ,

98 3576 103 3585 ι
133 3493 233 3580 recipi
265 3493 389 3573 meruit.
449 3494 526 3559 Hoc
560 3491 670 3558 dolore
705 3493 855 3560 commoti
891 3493 1027 3574 Graeci,
1066 3492 1281 3594 congregatis

134 3580 312 3666 quibusque
332 3577 467 3646 fortibus
488 3578 578 3657 viris,
607 3577 741 3666 'l'rojam
771 3576 982 3662 obsederunt,
1013 3588 1045 3647 et
1066 3574 1192 3644 decimo
1216 3577 1279 3644 de-

134 3687 220 3731 mum
243 3687 326 3731 anno
349 3671 618 3762 expugnaverunt.

430 3823 572 3902 .200.
626 3823 925 3930 Amymone.
1030 3841 1034 3851 '

92 3965 128 4015 4⁰
220 3935 404 4050 Amymone,
425 3956 530 4036 Danai
549 3954 622 4036 lilia,
644 3953 720 4022 dum
742 3955 884 4026 studiose
897 3957 928 4021 ἰιι
944 3955 1044 4022 insula
1056 3937 1278 4038 exerceretur,

133 4046 317 4195 imprudens
345 4045 495 4134 Satyrum
511 4043 690 4130 percussit.
733 4043 838 4118 Quam
870 4063 966 4131 quum
995 4043 1130 4132 Satyrus
1155 4042 1281 4126 riolare
1345 4093 1346 4102 ,

135 4133 244 4210 velet,
272 4130 322 4196 illa
349 4129 491 4218 Neptuni
519 4128 696 4215 imploravit
726 4127 881 4195 auxilium.
924 4131 965 4193 At
993 4127 1162 4216 Neptunus
1189 4149 1279 4206 eam,

137 4218 249 4301 l'ugatu
278 4215 414 4302 Satyro,
431 4214 516 4300 ipse
547 4213 743 4302 compressit
791 4215 842 4282 Ex
872 4235 936 4302 quo
956 4235 1074 4315 ’amore
1102 4227 1193 4282 natus
1224 4225 1282 4281 est
