2716 4794
357 261 538 377 nytnog..
566 263 618 340 11.
655 207 766 338 ‘rea
797 201 900 340 aaa,
1118 263 1204 342 aar.

87 471 169 539 aquae
187 437 406 536 erumperent,
432 471 492 537 pro
510 469 574 514 uno
596 447 683 514 sonte
704 447 804 513 tribus
826 449 1063 536 emergentibus
1072 453 1195 530 ,nHer-
1223 513 1224 520 ,

84 538 156 603 cules
174 533 395 622 deprehendit,
421 557 516 600 venas
537 546 644 600 terrae
662 531 808 598 incendio
829 556 925 619 posse
946 533 1067 617 claudi3
1101 549 1196 626 atque
1229 539 1232 560 ‘

80 624 145 689 ideo
161 634 323 708 postquam
352 619 506 697 exhausit*
523 618 660 686 eundem
688 618 810 693 locum,
838 619 945 704 ignem
973 619 1132 704 adhibuit,
1164 635 1197 690 et

78 710 121 776 sic
139 729 231 795 aquae
253 704 364 773 elausit
389 719 529 786 meatus,
560 717 594 774 et
614 702 816 771 habitabilem
838 703 993 772 Arcadiae
1015 707 1104 774 fecit*

284 871 378 948 1611.
431 851 636 948 Antaeus
665 815 972 948 etllercules.
1059 844 1066 862 ⁹
1203 913 1252 964 a*

151 1005 282 1069 Antaeus
299 1024 354 1068 rex
375 1001 434 1068 luit
455 1001 596 1090 Libyae,
617 1001 698 1080 lilius
718 1002 854 1094 Terrae.
889 1001 954 1068 Hic
969 1023 1065 1090 quaxn
1084 1004 1198 1072 multos
1259 1055 1265 1066 ,
1307 989 1312 1008 ’

73 1089 212 1177 singulari
233 1087 404 1153 certamine
425 1099 571 1161 necaret,
591 1108 702 1154 eorum
724 1088 830 1175 capita
849 1084 962 1154 domus
979 1112 1056 1154 suae
1077 1090 1198 1157 foribus

73 1177 110 1243 ad
137 1172 281 1240 indicium
309 1171 431 1239 virtutis
460 1173 692 1262 praeponebat.
738 1173 787 1238 Ad
819 1196 914 1260 quem
944 1196 1042 1263 quum
1062 1175 1199 1244 uenisset

9 1291 10 1296 ¹
43 1310 47 1319 .
74 1260 234 1337 Hercules,
264 1259 370 1345 coepit
401 1279 474 1323 cum
501 1280 540 1323 eo
560 1257 681 1323 luctari.
722 1257 768 1325 Et
788 1281 886 1345 quum
900 1257 968 1348 jam
988 1260 1020 1325 iu
1042 1281 1082 1326 eo
1103 1273 1197 1341 esset,

78 1360 109 1412 ut
132 1347 166 1412 ab
183 1341 334 1409 mercule
365 1341 573 1423 uinceretur,
603 1339 770 1410 simulabat
806 1365 933 1426 casum3
976 1342 1035 1412 sed
1070 1367 1196 1433 semper
1205 1371 1240 1420 ιο

79 1430 188 1510 fortior,
220 1426 365 1494 resumtis
393 1428 510 1494 viribus
545 1427 665 1513 (matre
686 1426 792 1494 'l'erra
816 1429 953 1520 riresei
978 1431 1196 1519 suggerente)

78 1515 203 1584 annexit
245 1511 342 1588 Quod
372 1514 427 1578 ubi
448 1513 623 1593 Hercules,
658 1515 794 1581 tncnitus
816 1537 836 1581 a
855 1513 1014 1598 Minerva,
1044 1517 1197 1604 percepit,

36 1679 40 1685 ¹
76 1625 137 1668 eum
155 1602 267 1668 iterum
287 1591 407 1665 cadere
428 1598 582 1668 volentem
608 1597 733 1682 extulit,
765 1603 786 1666 a'
813 1601 1197 1691 terraquesuspeudeus,

75 1687 133 1776 ey‘us
152 1698 262 1776 guttur
283 1683 372 1751 elisit.

178 1913 182 1921 ι
245 1876 247 1881 ’
330 1819 369 1890 ἰ
439 1849 532 1932 165.
587 1851 817 1934 Oeneus.
1203 1899 1238 1948 15
1302 1853 1304 1858 ’

143 1985 301 2064 0⁰⁰81182'
315 1981 522 2052 'Parthaonis
542 1981 640 2063 filius.
677 1986 785 2078 Tydei
818 1996 938 2075 pater,
958 2006 1016 2053 rex
1047 1985 1198 2066 Aetoliae,

64 2063 155 2136 libam
183 2070 310 2137 nomine
337 2068 519 2136 Deianiram
549 2067 677 2153 habuit,
705 2097 735 2154 a,
750 2071 853 2141 multis
881 2073 913 2138 in
940 2071 1123 2157 conjugium
1145 2095 1199 2136 ex-

64 2167 212 2242 optatam.
255 2156 360 2230 Quam
380 2165 478 2243 quum
498 2153 659 2223 Hercules
677 2169 709 2224 et
730 2157 905 2236 Achelous,
929 2157 1070 2223 Aetoliae
1089 2157 1199 2234 amnis,

62 2262 125 2306 uno
146 2253 291 2328 tempore
311 2251 472 2330 peterent,
505 2251 697 2329 acceperunt
725 2241 830 2330 legem
859 2243 900 2307 ab
926 2242 1058 2321 Oeneo,
1091 2241 1199 2328 utqui
1230 2309 1234 2316 ,

62 2326 180 2418 virtute¹
193 2337 393 2414 superasset,
414 2325 595 2390 Deianiram
618 2321 760 2394 duceret.
793 2327 899 2413 Igitur
920 2327 1043 2414 egressi
1064 2325 1105 2392 ad
1128 2346 1242 2399 cer-20

46 2408 183 2489 'tamem
205 2435 302 2500 quum
322 2422 528 2500 superaretur
548 2409 704 2484 Achelous
720 2414 762 2478 ab
777 2411 936 2491 Hercule,
959 2419 1098 2479 mutatur
1111 2411 1199 2478 initio

58 2497 91 2561 in
114 2499 279 2576 brenam,
300 2519 373 2562 mox
393 2497 424 2562 in
447 2495 636 2580 draconem,
657 2499 751 2567 tertio
772 2497 803 2563 in
825 2509 969 2577 taurum,
999 2519 1094 2585 quem
1114 2498 1201 2563 Her-

8 2575 11 2586 *
57 2523 148 2650 cnlbs
169 2582 330 2671 amplexus
343 2580 565 2656 reluctantem,
587 2606 703 2664 cornu,
725 2582 1039 2673 quodimplicaverat
1052 2583 1200 2664 brachiis,

56 2668 167 2756 fregit.
220 2667 318 2742 Quod
355 2668 520 2733 Fortunae
555 2667 656 2736 l'ertur
698 2691 921 2748 consecrasse,
958 2690 1029 2734 curn
1057 2691 1122 2756 qno
1150 2668 1201 2734 ille

55 2755 184 2841 copiam
208 2753 323 2819 dicitur
344 2753 467 2818 secisse.
510 2752 605 2818 Tune
626 2753 794 2843 Nymphae
816 2754 954 2833 Naides,
983 2753 1067 2819 filiae
1097 2755 1243 2825 humi-25

53 2839 123 2916 nis,
146 2840 340 2916 effecerunt,
361 2850 396 2907 ut
414 2836 447 2901 id
468 2836 554 2922 quod
574 2852 718 2925 ereptum
740 2849 826 2924 erat,
848 2839 1081 2906 autumnalibus
1100 2841 1199 2928 copiis

53 2925 246 3012 repleretur.
288 2921 384 2990 Unde
401 2921 531 2988 dieitur:
553 2921 664 2986 Pleno
683 2922 782 3010 eopia
803 2945 918 2988 cornu.
951 2923 1108 2997 Quoniam
1120 2927 1203 2992 sicut

54 3031 159 3074 cornu
182 3031 312 3076 carnem
334 3007 564 3096 supercrescit,
593 3006 636 3074 ita
656 3007 782 3076 divitiae
803 3006 882 3074 loris
901 3007 1019 3110 stipant
1031 3011 1074 3076 ho
1108 3011 1200 3074 inem.
1274 3035 1278 3048 ¹
1349 3067 1350 3078 ,

53 3093 93 3158 In
124 3111 229 3163 cornu
258 3106 308 3160 est
334 3094 429 3160 virtus
458 3091 651 3170 animalium,
683 3097 715 3162 et
744 3091 1001 3162 fortunae'arres
1029 3095 1061 3162 in
1112 3092 1226 3160 ivistis,

55 3193 224 3257 constant,
258 3189 293 3248 ut
321 3177 452 3246 dicitur:
483 3178 680 3264 ,Et'genns
710 3189 744 3243 et
771 3179 900 3256 virtus,
935 3179 1007 3243 nisi
1040 3203 1118 3245 oum
1152 3201 1242 3258 re,30

53 3263 163 3327 vilior
182 3266 273 3353 alga
293 3275 355 3336 est.
398 3247 523 3329 urciani
550 3273 655 3328 autern
679 3263 835 3330 Hercules
858 3262 962 3329 eidem
982 3265 1078 3330 fluvio
1100 3281 1199 3330 comu

56 3348 247 3430 abstulisse,
279 3349 353 3437 quia
382 3369 478 3436 quum
507 3346 633 3414 duobus
661 3348 755 3416 alveis
786 3347 1001 3429 redundaret,
1043 3349 1200 3417 Hercbles
1232 3383 1242 3424 r

57 3451 159 3496 unuin
179 3433 377 3502 obstruendo
397 3433 563 3522 prohibuit.
606 3433 764 3511 Hercules
786 3446 911 3514 autem,
942 3434 1025 3500 ricto
1049 3433 1200 3513 Acheloo,

55 3513 242 3588 Deianiram
267 3519 356 3586 duxit
379 3540 523 3597 uxorem,
552 3529 584 3585 et
611 3519 652 3584 ab
674 3543 711 3584 ea
734 3521 913 3608 procreavit
931 3518 1046 3600 filium,
1074 3519 1200 3586 nomine

53 3599 197 3690 Hyllum.
243 3605 312 3672 Sed
330 3605 486 3671 Hercules
508 3625 605 3692 quum
627 3603 669 3669 ad
690 3607 979 3672 flurium‘Evenum
994 3605 1241 3690 pervenissetss
1326 3688 1329 3693 Ι

54 3707 126 3752 eam
147 3690 309 3780 deposuit,
332 3690 515 3776 clavamque
536 3711 609 3754 eum
629 3689 754 3779 reliquis
778 3693 873 3759 armis
894 3711 1003 3758 secum
1019 3693 1200 3772 transvexit,

55 3781 90 3867 ut
118 3789 198 3860 post
225 3788 413 3843 exoneratus
446 3798 515 3840 eam
546 3773 693 3862 expedite
714 3778 831 3844 ,ferret
895 3777 1002 3849 Quum
1035 3795 1117 3861 ergo
1158 3780 1201 3842 ad

57 3852 138 3923 diam
172 3861 450 3950 transportandam
478 3858 567 3927 vellet
594 3862 726 3942 reverti,
758 3863 865 3930 ridens
891 3860 1029 3934 Nessum
1060 3875 1132 3928 enm
1162 3887 1200 3930 ea

58 3957 122 4008 rem
139 3945 274 4027 habere,
298 3950 415 4034 sagitta
437 3945 530 4010 missa
553 3967 625 4011 eum
645 3947 783 4014 extinxit.
817 3946 880 4022 Qui
893 3944 1057 4031 expirans,
1079 3959 1200 4027 vestem

57 4018 235 4098 Deianirae
261 4031 365 4110 dedit,
400 4031 555 4117 sangnine
583 4054 642 4096 suo
671 4033 817 4108 tinctam,
855 4042 891 4096 ut
921 4052 957 4096 se
983 4029 1198 4114 ulcisceretur,
1207 4060 1242 4110 40

54 4117 85 4201 §l
106 4114 214 4196 dixit,
244 4117 276 4181 si
304 4117 404 4188 vellet
429 4128 593 4200 perperna
613 4115 656 4182 ab
675 4115 827 4184 Hercule
847 4113 972 4201 diligi,
1001 4115 1103 4181 daret
1124 4143 1199 4184 enm

50 4193 112 4256 alli
136 4213 268 4266 vestem
292 4201 513 4266 induendam.
557 4200 637 4264 Inde
661 4223 758 4290 quum
776 4200 933 4268 Hercules
957 4199 990 4264 in
1010 4201 1111 4269 insula
1131 4203 1200 4270 Eo-

49 4273 142 4347 boea
168 4285 354 4360 Qechab'am
376 4287 487 4354 urbem
505 4285 617 4373 lluryti
638 4285 836 4367 evertisset,
851 4299 884 4356 et
903 4285 992 4354 Iolen
1013 4287 1108 4355 filiam
1131 4289 1199 4375 ajns

331 4405 335 4412 .
730 4404 732 4408 .
788 4399 809 4462 9
832 4399 845 4430 ,
