<?xml version="1.0" encoding="UTF-8"?>
<!DOCTYPE html PUBLIC "-//W3C//DTD XHTML 1.0 Transitional//EN"
    "http://www.w3.org/TR/xhtml1/DTD/xhtml1-transitional.dtd">
<html xmlns="http://www.w3.org/1999/xhtml" xml:lang="en" lang="en">
 <head>
  <title>
</title>
<meta http-equiv="Content-Type" content="text/html;charset=utf-8" />
  <meta name='ocr-system' content='tesseract 3.04.00' />
  <meta name='ocr-capabilities' content='ocr_page ocr_carea ocr_par ocr_line ocrx_word'/>
</head>
<body>
  <div class='ocr_page' id='page_1' title='image "./scriptoresrerum01bodegoog_0118.png"; bbox 0 0 2716 4794; ppageno 0'>
   <div class='ocr_carea' id='block_1_1' title="bbox 265 177 1278 328">
    <p class='ocr_par' dir='ltr' id='par_1_1' title="bbox 265 177 1278 328">
     <span class='ocr_line' id='line_1_1' title="bbox 265 177 1278 328; baseline -0.005 -39"><span class='ocrx_word' id='word_1_1' title='bbox 265 323 268 328; x_wconf 16' lang='lat'>¹</span> <span class='ocrx_word' id='word_1_2' title='bbox 355 181 858 318; x_wconf 49' lang='lat' dir='ltr'>‘presentare</span> <span class='ocrx_word' id='word_1_3' title='bbox 911 177 922 235; x_wconf 58' lang='lat' dir='ltr'>l</span> <span class='ocrx_word' id='word_1_4' title='bbox 981 257 1011 288; x_wconf 82' lang='grc'>-,</span> <span class='ocrx_word' id='word_1_5' title='bbox 1113 205 1186 294; x_wconf 71' lang='lat' dir='ltr'>,es</span> <span class='ocrx_word' id='word_1_6' title='bbox 1274 231 1278 241; x_wconf 92' lang='lat'>·</span> 
     </span>
    </p>
   </div>
   <div class='ocr_carea' id='block_1_2' title="bbox 18 369 1315 1254">
    <p class='ocr_par' dir='ltr' id='par_1_2' title="bbox 18 369 1315 1254">
     <span class='ocr_line' id='line_1_2' title="bbox 72 369 1186 484; baseline -0.001 -22"><span class='ocrx_word' id='word_1_7' title='bbox 72 391 333 482; x_wconf 82' lang='lat' dir='ltr'>etProserpinee,</span> <span class='ocrx_word' id='word_1_8' title='bbox 367 393 422 482; x_wconf 85' lang='lat' dir='ltr'>qui</span> <span class='ocrx_word' id='word_1_9' title='bbox 443 392 564 462; x_wconf 81' lang='lat' dir='ltr'>animas</span> <span class='ocrx_word' id='word_1_10' title='bbox 585 401 714 460; x_wconf 83' lang='lat' dir='ltr'>evocat·</span> <span class='ocrx_word' id='word_1_11' title='bbox 730 439 732 442; x_wconf 92' lang='lat'>-</span> <span class='ocrx_word' id='word_1_12' title='bbox 747 403 894 482; x_wconf 84' lang='lat' dir='ltr'>quartum</span> <span class='ocrx_word' id='word_1_13' title='bbox 914 369 1003 461; x_wconf 79' lang='lat' dir='ltr'>lovis</span> <span class='ocrx_word' id='word_1_14' title='bbox 1024 395 1059 462; x_wconf 88' lang='lat' dir='ltr'>et</span> <span class='ocrx_word' id='word_1_15' title='bbox 1079 392 1186 484; x_wconf 78' lang='lat' dir='ltr'>Cylle-</span> 
     </span>
     <span class='ocr_line' id='line_1_3' title="bbox 68 444 1187 584; baseline 0.003 -38"><span class='ocrx_word' id='word_1_16' title='bbox 68 503 122 557; x_wconf 86' lang='lat' dir='ltr'>nes,</span> <span class='ocrx_word' id='word_1_17' title='bbox 140 505 163 548; x_wconf 86' lang='lat' dir='ltr'>a</span> <span class='ocrx_word' id='word_1_18' title='bbox 180 503 246 584; x_wconf 78' lang='lat' dir='ltr'>‘l¹¹⁰</span> <span class='ocrx_word' id='word_1_19' title='bbox 267 483 374 565; x_wconf 82' lang='lat' dir='ltr'>Argus</span> <span class='ocrx_word' id='word_1_20' title='bbox 398 479 523 546; x_wconf 87' lang='lat' dir='ltr'>occisus</span> <span class='ocrx_word' id='word_1_21' title='bbox 548 489 605 547; x_wconf 81' lang='lat' dir='ltr'>est</span> <span class='ocrx_word' id='word_1_22' title='bbox 649 444 717 544; x_wconf 81' lang='lat' dir='ltr'>sel</span> <span class='ocrx_word' id='word_1_23' title='bbox 736 477 925 558; x_wconf 79' lang='lat' dir='ltr'>iudeorum</span> <span class='ocrx_word' id='word_1_24' title='bbox 946 479 1084 562; x_wconf 85' lang='lat' dir='ltr'>ratione,</span> <span class='ocrx_word' id='word_1_25' title='bbox 1112 480 1187 568; x_wconf 83' lang='lat' dir='ltr'>quia</span> 
     </span>
     <span class='ocr_line' id='line_1_4' title="bbox 67 562 1197 655; baseline 0.002 -25"><span class='ocrx_word' id='word_1_26' title='bbox 67 567 169 634; x_wconf 77' lang='lat' dir='ltr'>veritas,</span> <span class='ocrx_word' id='word_1_27' title='bbox 197 590 207 632; x_wconf 88' lang='lat' dir='ltr'>r</span> <span class='ocrx_word' id='word_1_28' title='bbox 236 577 384 640; x_wconf 88' lang='lat' dir='ltr'>noratur,</span> <span class='ocrx_word' id='word_1_29' title='bbox 424 564 551 640; x_wconf 77' lang='lat' dir='ltr'>fabulae</span> <span class='ocrx_word' id='word_1_30' title='bbox 582 562 766 651; x_wconf 83' lang='lat' dir='ltr'>sequendae</span> <span class='ocrx_word' id='word_1_31' title='bbox 794 576 877 633; x_wconf 89' lang='lat' dir='ltr'>sunt.</span> <span class='ocrx_word' id='word_1_32' title='bbox 939 564 1085 655; x_wconf 89' lang='lat' dir='ltr'>anpiter</span> <span class='ocrx_word' id='word_1_33' title='bbox 1113 583 1197 632; x_wconf 75' lang='lat' dir='ltr'>cum&#39;</span> 
     </span>
     <span class='ocr_line' id='line_1_5' title="bbox 25 588 1228 742; baseline 0 -26"><span class='ocrx_word' id='word_1_34' title='bbox 25 705 29 716; x_wconf 88' lang='grc'><em>,</em></span> <span class='ocrx_word' id='word_1_35' title='bbox 62 588 307 742; x_wconf 70' lang='lat' dir='ltr'>Maje,‘Atlantis</span> <span class='ocrx_word' id='word_1_36' title='bbox 332 648 478 740; x_wconf 82' lang='lat' dir='ltr'>Arcadici</span> <span class='ocrx_word' id='word_1_37' title='bbox 499 649 572 726; x_wconf 84' lang='lat' dir='ltr'>filie,</span> <span class='ocrx_word' id='word_1_38' title='bbox 592 651 782 731; x_wconf 88' lang='lat' dir='ltr'>concubuit;</span> <span class='ocrx_word' id='word_1_39' title='bbox 802 649 890 716; x_wconf 87' lang='lat' dir='ltr'>unde</span> <span class='ocrx_word' id='word_1_40' title='bbox 915 663 1007 718; x_wconf 79' lang='lat' dir='ltr'>natus</span> <span class='ocrx_word' id='word_1_41' title='bbox 1029 662 1079 718; x_wconf 91' lang='lat' dir='ltr'>est</span> <span class='ocrx_word' id='word_1_42' title='bbox 1098 650 1184 716; x_wconf 86' lang='lat' dir='ltr'>Mer·</span> <span class='ocrx_word' id='word_1_43' title='bbox 1225 675 1228 680; x_wconf 91' lang='lat'>·</span> 
     </span>
     <span class='ocr_line' id='line_1_6' title="bbox 63 733 1227 824; baseline -0.002 -22"><span class='ocrx_word' id='word_1_44' title='bbox 63 741 151 804; x_wconf 88' lang='lat' dir='ltr'>curius</span> <span class='ocrx_word' id='word_1_45' title='bbox 173 735 386 824; x_wconf 70' lang='lat' dir='ltr'>in,Oyllene,</span> <span class='ocrx_word' id='word_1_46' title='bbox 415 733 572 816; x_wconf 73' lang='lat' dir='ltr'>Arcadiae</span> <span class='ocrx_word' id='word_1_47' title='bbox 604 748 730 812; x_wconf 75' lang='lat' dir='ltr'>monte.</span> <span class='ocrx_word' id='word_1_48' title='bbox 762 736 816 823; x_wconf 90' lang='lat' dir='ltr'>qui</span> <span class='ocrx_word' id='word_1_49' title='bbox 843 735 963 802; x_wconf 80' lang='lat' dir='ltr'><strong>litteras</strong></span> <span class='ocrx_word' id='word_1_50' title='bbox 992 737 1227 816; x_wconf 74' lang='lat' dir='ltr'>monstravits</span> 
     </span>
     <span class='ocr_line' id='line_1_7' title="bbox 61 818 1186 910; baseline -0.001 -22"><span class='ocrx_word' id='word_1_51' title='bbox 61 845 173 890; x_wconf 88' lang='lat' dir='ltr'>nenses</span> <span class='ocrx_word' id='word_1_52' title='bbox 193 821 345 902; x_wconf 77' lang='lat' dir='ltr'>instituit,</span> <span class='ocrx_word' id='word_1_53' title='bbox 382 818 489 886; x_wconf 85' lang='lat' dir='ltr'>sidera</span> <span class='ocrx_word' id='word_1_54' title='bbox 520 832 670 908; x_wconf 85' lang='lat' dir='ltr'>expertus</span> <span class='ocrx_word' id='word_1_55' title='bbox 694 830 760 899; x_wconf 87' lang='lat' dir='ltr'>est,</span> <span class='ocrx_word' id='word_1_56' title='bbox 797 819 895 910; x_wconf 88' lang='lat' dir='ltr'>lyram</span> <span class='ocrx_word' id='word_1_57' title='bbox 927 821 1066 899; x_wconf 83' lang='lat' dir='ltr'>inuenit,¹</span> <span class='ocrx_word' id='word_1_58' title='bbox 1091 845 1186 905; x_wconf 86' lang='lat' dir='ltr'>quarn</span> 
     </span>
     <span class='ocr_line' id='line_1_8' title="bbox 18 904 1315 996; baseline -0.001 -23"><span class='ocrx_word' id='word_1_59' title='bbox 18 911 21 920; x_wconf 83' lang='lat'><em>&#39;</em></span> <span class='ocrx_word' id='word_1_60' title='bbox 62 909 138 975; x_wconf 87' lang='lat' dir='ltr'>etiarn</span> <span class='ocrx_word' id='word_1_61' title='bbox 165 921 288 996; x_wconf 78' lang='lat' dir='ltr'><strong>septem</strong></span> <span class='ocrx_word' id='word_1_62' title='bbox 311 904 438 972; x_wconf 80' lang='lat' dir='ltr'>clrordis</span> <span class='ocrx_word' id='word_1_63' title='bbox 461 917 594 994; x_wconf 89' lang='lat' dir='ltr'>propter</span> <span class='ocrx_word' id='word_1_64' title='bbox 616 927 781 974; x_wconf 90' lang='lat' dir='ltr'>numerum</span> <span class='ocrx_word' id='word_1_65' title='bbox 801 905 994 973; x_wconf 76' lang='lat' dir='ltr'>Atlantidum</span> <span class='ocrx_word' id='word_1_66' title='bbox 1018 907 1077 992; x_wconf 92' lang='lat' dir='ltr'>(eo</span> <span class='ocrx_word' id='word_1_67' title='bbox 1099 905 1187 996; x_wconf 89' lang='lat' dir='ltr'>quod</span> <span class='ocrx_word' id='word_1_68' title='bbox 1310 933 1315 948; x_wconf 73' lang='lat'><strong><em>‘</em></strong></span> 
     </span>
     <span class='ocr_line' id='line_1_9' title="bbox 62 989 1187 1084; baseline -0.003 -24"><span class='ocrx_word' id='word_1_69' title='bbox 62 1006 148 1060; x_wconf 86' lang='lat' dir='ltr'>nater</span> <span class='ocrx_word' id='word_1_70' title='bbox 173 993 242 1084; x_wconf 88' lang='lat' dir='ltr'>ejus</span> <span class='ocrx_word' id='word_1_71' title='bbox 263 1013 326 1057; x_wconf 86' lang='lat' dir='ltr'>unu</span> <span class='ocrx_word' id='word_1_72' title='bbox 348 1013 457 1056; x_wconf 91' lang='lat' dir='ltr'>earnm</span> <span class='ocrx_word' id='word_1_73' title='bbox 479 989 583 1076; x_wconf 88' lang='lat' dir='ltr'>esset)</span> <span class='ocrx_word' id='word_1_74' title='bbox 611 991 784 1058; x_wconf 85' lang='lat' dir='ltr'>instruxit..</span> <span class='ocrx_word' id='word_1_75' title='bbox 816 993 975 1058; x_wconf 85' lang='lat' dir='ltr'>Praeesse</span> <span class='ocrx_word' id='word_1_76' title='bbox 1002 1003 1106 1058; x_wconf 90' lang='lat' dir='ltr'>autem</span> <span class='ocrx_word' id='word_1_77' title='bbox 1132 1016 1187 1059; x_wconf 88' lang='lat' dir='ltr'>ue-</span> 
     </span>
     <span class='ocr_line' id='line_1_10' title="bbox 63 1073 1186 1166; baseline 0 -22"><span class='ocrx_word' id='word_1_78' title='bbox 63 1080 163 1166; x_wconf 75' lang='lat' dir='ltr'>getis,</span> <span class='ocrx_word' id='word_1_79' title='bbox 201 1089 235 1145; x_wconf 91' lang='lat' dir='ltr'>et</span> <span class='ocrx_word' id='word_1_80' title='bbox 271 1077 345 1144; x_wconf 88' lang='lat' dir='ltr'>lurti</span> <span class='ocrx_word' id='word_1_81' title='bbox 365 1077 610 1164; x_wconf 81' lang='lat' dir='ltr'>rapinarumque</span> <span class='ocrx_word' id='word_1_82' title='bbox 632 1075 711 1152; x_wconf 87' lang='lat' dir='ltr'>deus</span> <span class='ocrx_word' id='word_1_83' title='bbox 734 1099 805 1143; x_wconf 90' lang='lat' dir='ltr'>esse</span> <span class='ocrx_word' id='word_1_84' title='bbox 826 1073 965 1157; x_wconf 60' lang='lat' dir='ltr'>dicisum</span> <span class='ocrx_word' id='word_1_85' title='bbox 985 1077 1108 1162; x_wconf 80' lang='lat' dir='ltr'>virgam</span> <span class='ocrx_word' id='word_1_86' title='bbox 1139 1078 1186 1144; x_wconf 72' lang='lat' dir='ltr'>fe·</span> 
     </span>
     <span class='ocr_line' id='line_1_11' title="bbox 65 1161 1228 1254; baseline 0.002 -26"><span class='ocrx_word' id='word_1_87' title='bbox 65 1185 138 1246; x_wconf 87' lang='lat' dir='ltr'>rens,</span> <span class='ocrx_word' id='word_1_88' title='bbox 175 1162 319 1253; x_wconf 86' lang='lat' dir='ltr'>pennatis</span> <span class='ocrx_word' id='word_1_89' title='bbox 341 1162 492 1230; x_wconf 83' lang='lat' dir='ltr'>talaribus</span> <span class='ocrx_word' id='word_1_90' title='bbox 514 1161 683 1254; x_wconf 80' lang='lat' dir='ltr'>calciatus,</span> <span class='ocrx_word' id='word_1_91' title='bbox 721 1163 834 1231; x_wconf 86' lang='lat' dir='ltr'>canino</span> <span class='ocrx_word' id='word_1_92' title='bbox 866 1163 989 1253; x_wconf 86' lang='lat' dir='ltr'>capite,</span> <span class='ocrx_word' id='word_1_93' title='bbox 1010 1162 1119 1230; x_wconf 83' lang='lat' dir='ltr'>&#39;flavus</span> <span class='ocrx_word' id='word_1_94' title='bbox 1152 1174 1228 1232; x_wconf 89' lang='lat' dir='ltr'>etlc</span> 
     </span>
    </p>
   </div>
   <div class='ocr_carea' id='block_1_3' title="bbox 68 1247 521 1338">
    <p class='ocr_par' dir='ltr' id='par_1_3' title="bbox 68 1247 521 1338">
     <span class='ocr_line' id='line_1_12' title="bbox 68 1247 521 1338; baseline -0.013 -19"><span class='ocrx_word' id='word_1_95' title='bbox 68 1261 196 1336; x_wconf 84' lang='lat' dir='ltr'>perustus</span> <span class='ocrx_word' id='word_1_96' title='bbox 219 1247 370 1338; x_wconf 82' lang='lat' dir='ltr'>pingitur.</span> <span class='ocrx_word' id='word_1_97' title='bbox 518 1251 521 1256; x_wconf 78' lang='grc'><strong>’</strong></span> 
     </span>
    </p>
   </div>
   <div class='ocr_carea' id='block_1_4' title="bbox 116 1396 1129 1500">
    <p class='ocr_par' dir='ltr' id='par_1_4' title="bbox 116 1396 1129 1500">
     <span class='ocr_line' id='line_1_13' title="bbox 116 1396 1129 1500; baseline 0.005 -5"><span class='ocrx_word' id='word_1_98' title='bbox 116 1423 118 1430; x_wconf 86' lang='grc'><strong>’</strong></span> <span class='ocrx_word' id='word_1_99' title='bbox 217 1417 301 1495; x_wconf 66' lang='lat'>42.</span> <span class='ocrx_word' id='word_1_100' title='bbox 346 1396 477 1495; x_wconf 82' lang='lat' dir='ltr'>Unde</span> <span class='ocrx_word' id='word_1_101' title='bbox 517 1429 707 1493; x_wconf 85' lang='lat' dir='ltr'>vocetur</span> <span class='ocrx_word' id='word_1_102' title='bbox 741 1416 1045 1494; x_wconf 80' lang='lat' dir='ltr'>Mercurius.&#39;</span> <span class='ocrx_word' id='word_1_103' title='bbox 1126 1493 1129 1500; x_wconf 80' lang='grc'>,</span> 
     </span>
    </p>
   </div>
   <div class='ocr_carea' id='block_1_5' title="bbox 29 1542 1242 2831">
    <p class='ocr_par' dir='ltr' id='par_1_5' title="bbox 29 1542 1242 2831">
     <span class='ocr_line' id='line_1_14' title="bbox 74 1542 1187 1634; baseline -0.001 -20"><span class='ocrx_word' id='word_1_104' title='bbox 74 1607 77 1614; x_wconf 88' lang='grc'><em>.</em></span> <span class='ocrx_word' id='word_1_105' title='bbox 132 1545 318 1614; x_wconf 86' lang='lat' dir='ltr'>Mercurius</span> <span class='ocrx_word' id='word_1_106' title='bbox 350 1545 450 1634; x_wconf 84' lang='lat' dir='ltr'>igitur</span> <span class='ocrx_word' id='word_1_107' title='bbox 477 1543 568 1632; x_wconf 84' lang='lat' dir='ltr'>quasi</span> <span class='ocrx_word' id='word_1_108' title='bbox 594 1542 763 1609; x_wconf 78' lang='lat' dir='ltr'>mercium</span> <span class='ocrx_word' id='word_1_109' title='bbox 798 1544 938 1628; x_wconf 72' lang='lat' dir='ltr'>curius,</span> <span class='ocrx_word' id='word_1_110' title='bbox 974 1545 1022 1613; x_wconf 84' lang='lat' dir='ltr'>vel</span> <span class='ocrx_word' id='word_1_111' title='bbox 1052 1545 1187 1614; x_wconf 83' lang='lat' dir='ltr'>medius</span> 
     </span>
     <span class='ocr_line' id='line_1_15' title="bbox 67 1627 1186 1722; baseline 0.004 -27"><span class='ocrx_word' id='word_1_112' title='bbox 67 1629 194 1698; x_wconf 81' lang='lat' dir='ltr'>&#39;currens</span> <span class='ocrx_word' id='word_1_113' title='bbox 217 1631 348 1712; x_wconf 90' lang='lat' dir='ltr'>dicitnr,</span> <span class='ocrx_word' id='word_1_114' title='bbox 369 1631 444 1720; x_wconf 85' lang='lat' dir='ltr'>quin</span> <span class='ocrx_word' id='word_1_115' title='bbox 464 1651 569 1696; x_wconf 89' lang='lat' dir='ltr'>sermo</span> <span class='ocrx_word' id='word_1_116' title='bbox 589 1629 671 1697; x_wconf 88' lang='lat' dir='ltr'>inter</span> <span class='ocrx_word' id='word_1_117' title='bbox 691 1627 821 1693; x_wconf 84' lang='lat' dir='ltr'>medios</span> <span class='ocrx_word' id='word_1_118' title='bbox 842 1643 907 1713; x_wconf 86' lang='lat' dir='ltr'>est;</span> <span class='ocrx_word' id='word_1_119' title='bbox 920 1631 986 1712; x_wconf 81' lang='lat' dir='ltr'>uel,</span> <span class='ocrx_word' id='word_1_120' title='bbox 1016 1631 1089 1722; x_wconf 85' lang='lat' dir='ltr'>quio</span> <span class='ocrx_word' id='word_1_121' title='bbox 1108 1655 1186 1699; x_wconf 88' lang='lat' dir='ltr'>nun-</span> 
     </span>
     <span class='ocr_line' id='line_1_16' title="bbox 71 1713 1228 1802; baseline -0.002 -21"><span class='ocrx_word' id='word_1_122' title='bbox 71 1717 114 1782; x_wconf 89' lang='lat' dir='ltr'>tius</span> <span class='ocrx_word' id='word_1_123' title='bbox 144 1716 282 1784; x_wconf 90' lang='lat' dir='ltr'>deorum</span> <span class='ocrx_word' id='word_1_124' title='bbox 314 1729 364 1784; x_wconf 89' lang='lat' dir='ltr'>est</span> <span class='ocrx_word' id='word_1_125' title='bbox 390 1716 587 1791; x_wconf 84' lang='lat' dir='ltr'>Mercurius,</span> <span class='ocrx_word' id='word_1_126' title='bbox 628 1713 719 1802; x_wconf 87' lang='lat' dir='ltr'>quasi</span> <span class='ocrx_word' id='word_1_127' title='bbox 757 1713 891 1780; x_wconf 83' lang='lat' dir='ltr'>medius</span> <span class='ocrx_word' id='word_1_128' title='bbox 923 1717 1004 1786; x_wconf 89' lang='lat' dir='ltr'>inter</span> <span class='ocrx_word' id='word_1_129' title='bbox 1037 1718 1115 1786; x_wconf 88' lang='lat' dir='ltr'>deos</span> <span class='ocrx_word' id='word_1_130' title='bbox 1152 1729 1228 1788; x_wconf 86' lang='lat' dir='ltr'>et15</span> 
     </span>
     <span class='ocr_line' id='line_1_17' title="bbox 69 1799 1187 1892; baseline 0.004 -27"><span class='ocrx_word' id='word_1_131' title='bbox 69 1800 195 1869; x_wconf 86' lang='lat' dir='ltr'>lunines</span> <span class='ocrx_word' id='word_1_132' title='bbox 219 1823 362 1868; x_wconf 79' lang='lat' dir='ltr'>ctcrreus</span> <span class='ocrx_word' id='word_1_133' title='bbox 391 1801 515 1869; x_wconf 88' lang='lat' dir='ltr'>dicitur.</span> <span class='ocrx_word' id='word_1_134' title='bbox 568 1799 852 1888; x_wconf 83' lang='lat' dir='ltr'>Fingitureutem</span> <span class='ocrx_word' id='word_1_135' title='bbox 873 1800 952 1870; x_wconf 89' lang='lat' dir='ltr'>deus</span> <span class='ocrx_word' id='word_1_136' title='bbox 968 1825 1039 1871; x_wconf 87' lang='lat' dir='ltr'>esse</span> <span class='ocrx_word' id='word_1_137' title='bbox 1061 1803 1187 1892; x_wconf 75' lang='lat' dir='ltr'>rapind-</span> 
     </span>
     <span class='ocr_line' id='line_1_18' title="bbox 69 1884 1189 2038; baseline 0.004 -86"><span class='ocrx_word' id='word_1_138' title='bbox 69 1895 121 1953; x_wconf 80' lang='lat' dir='ltr'>rum</span> <span class='ocrx_word' id='word_1_139' title='bbox 154 1899 188 1955; x_wconf 89' lang='lat' dir='ltr'>et</span> <span class='ocrx_word' id='word_1_140' title='bbox 221 1887 315 1968; x_wconf 86' lang='lat' dir='ltr'>furti,</span> <span class='ocrx_word' id='word_1_141' title='bbox 347 1887 421 2038; x_wconf 69' lang='lat' dir='ltr'>epple</span> <span class='ocrx_word' id='word_1_142' title='bbox 437 1885 668 1975; x_wconf 59' lang='lat' dir='ltr'>‘negotiatores</span> <span class='ocrx_word' id='word_1_143' title='bbox 697 1884 809 1972; x_wconf 82' lang='lat' dir='ltr'>rapina</span> <span class='ocrx_word' id='word_1_144' title='bbox 837 1898 870 1954; x_wconf 92' lang='lat' dir='ltr'>et</span> <span class='ocrx_word' id='word_1_145' title='bbox 900 1889 1039 1978; x_wconf 89' lang='lat' dir='ltr'>perjurio</span> <span class='ocrx_word' id='word_1_146' title='bbox 1060 1911 1189 1978; x_wconf 82' lang='lat' dir='ltr'><strong>semper</strong></span> 
     </span>
     <span class='ocr_line' id='line_1_19' title="bbox 69 1973 1189 2062; baseline 0.005 -24"><span class='ocrx_word' id='word_1_147' title='bbox 69 1986 125 2040; x_wconf 83' lang='lat' dir='ltr'>sunt</span> <span class='ocrx_word' id='word_1_148' title='bbox 148 1973 314 2042; x_wconf 73' lang='lat' dir='ltr'>succincti.</span> <span class='ocrx_word' id='word_1_149' title='bbox 387 1973 493 2060; x_wconf 82' lang='lat' dir='ltr'>irgam</span> <span class='ocrx_word' id='word_1_150' title='bbox 523 1984 628 2053; x_wconf 87' lang='lat' dir='ltr'>tenet,</span> <span class='ocrx_word' id='word_1_151' title='bbox 667 1993 740 2036; x_wconf 90' lang='lat' dir='ltr'>curn</span> <span class='ocrx_word' id='word_1_152' title='bbox 772 1985 845 2059; x_wconf 82' lang='lat' dir='ltr'>qua&#39;</span> <span class='ocrx_word' id='word_1_153' title='bbox 861 1989 1043 2062; x_wconf 80' lang='lat' dir='ltr'>serpentes,</span> <span class='ocrx_word' id='word_1_154' title='bbox 1079 1973 1111 2040; x_wconf 90' lang='lat' dir='ltr'>id</span> <span class='ocrx_word' id='word_1_155' title='bbox 1140 1987 1189 2044; x_wconf 89' lang='lat' dir='ltr'>est</span> 
     </span>
     <span class='ocr_line' id='line_1_20' title="bbox 67 2056 1188 2148; baseline 0.005 -27"><span class='ocrx_word' id='word_1_156' title='bbox 67 2081 193 2140; x_wconf 76' lang='lat' dir='ltr'>venenu,</span> <span class='ocrx_word' id='word_1_157' title='bbox 223 2057 340 2126; x_wconf 87' lang='lat' dir='ltr'>dicitnr</span> <span class='ocrx_word' id='word_1_158' title='bbox 363 2056 522 2138; x_wconf 81' lang='lat' dir='ltr'>divisisse,</span> <span class='ocrx_word' id='word_1_159' title='bbox 553 2058 627 2148; x_wconf 87' lang='lat' dir='ltr'>quia</span> <span class='ocrx_word' id='word_1_160' title='bbox 648 2056 799 2124; x_wconf 88' lang='lat' dir='ltr'>bellantes</span> <span class='ocrx_word' id='word_1_161' title='bbox 821 2079 860 2122; x_wconf 86' lang='lat' dir='ltr'>ac</span> <span class='ocrx_word' id='word_1_162' title='bbox 880 2058 1069 2128; x_wconf 87' lang='lat' dir='ltr'>dissidentes</span> <span class='ocrx_word' id='word_1_163' title='bbox 1090 2061 1188 2127; x_wconf 92' lang='lat' dir='ltr'>inter-</span> 
     </span>
     <span class='ocr_line' id='line_1_21' title="bbox 70 2142 1231 2230; baseline 0.003 -23"><span class='ocrx_word' id='word_1_164' title='bbox 70 2158 180 2230; x_wconf 87' lang='lat' dir='ltr'>pretum</span> <span class='ocrx_word' id='word_1_165' title='bbox 203 2143 356 2211; x_wconf 85' lang='lat' dir='ltr'>sedantur</span> <span class='ocrx_word' id='word_1_166' title='bbox 378 2143 529 2211; x_wconf 83' lang='lat' dir='ltr'>oratione.</span> <span class='ocrx_word' id='word_1_167' title='bbox 571 2142 724 2208; x_wconf 87' lang='lat' dir='ltr'>Pennntis</span> <span class='ocrx_word' id='word_1_168' title='bbox 742 2155 847 2209; x_wconf 86' lang='lat' dir='ltr'>nutem</span> <span class='ocrx_word' id='word_1_169' title='bbox 864 2142 1021 2211; x_wconf 64' lang='lat' dir='ltr'>talaribus&lt;</span> <span class='ocrx_word' id='word_1_170' title='bbox 1036 2145 1231 2214; x_wconf 78' lang='lat' dir='ltr'>calciatusso</span> 
     </span>
     <span class='ocr_line' id='line_1_22' title="bbox 29 2226 1242 2315; baseline -0.002 -17"><span class='ocrx_word' id='word_1_171' title='bbox 29 2239 128 2298; x_wconf 86' lang='lat' dir='ltr'>.&#39;esse</span> <span class='ocrx_word' id='word_1_172' title='bbox 161 2229 294 2310; x_wconf 88' lang='lat' dir='ltr'>dicitur,</span> <span class='ocrx_word' id='word_1_173' title='bbox 329 2228 523 2315; x_wconf 81' lang='lat' dir='ltr'>qnie&#39;citius</span> <span class='ocrx_word' id='word_1_174' title='bbox 555 2228 622 2294; x_wconf 87' lang='lat' dir='ltr'>eliis</span> <span class='ocrx_word' id='word_1_175' title='bbox 681 2226 793 2294; x_wconf 86' lang='lat' dir='ltr'>lanetls</span> <span class='ocrx_word' id='word_1_176' title='bbox 821 2226 852 2292; x_wconf 93' lang='lat' dir='ltr'>in</span> <span class='ocrx_word' id='word_1_177' title='bbox 882 2241 984 2296; x_wconf 89' lang='lat' dir='ltr'>ortum</span> <span class='ocrx_word' id='word_1_178' title='bbox 1014 2231 1189 2299; x_wconf 81' lang='lat' dir='ltr'>revertitur.</span> <span class='ocrx_word' id='word_1_179' title='bbox 1239 2299 1242 2306; x_wconf 63' lang='lat'>.</span> 
     </span>
     <span class='ocr_line' id='line_1_23' title="bbox 69 2309 1188 2404; baseline 0.005 -26"><span class='ocrx_word' id='word_1_180' title='bbox 69 2313 151 2382; x_wconf 90' lang='lat' dir='ltr'>Unde</span> <span class='ocrx_word' id='word_1_181' title='bbox 185 2316 280 2382; x_wconf 86' lang='lat' dir='ltr'>etiam</span> <span class='ocrx_word' id='word_1_182' title='bbox 315 2313 405 2381; x_wconf 80' lang='lat' dir='ltr'>velox</span> <span class='ocrx_word' id='word_1_183' title='bbox 435 2326 468 2381; x_wconf 90' lang='lat' dir='ltr'>et</span> <span class='ocrx_word' id='word_1_184' title='bbox 496 2329 605 2380; x_wconf 85' lang='lat' dir='ltr'>errans</span> <span class='ocrx_word' id='word_1_185' title='bbox 668 2311 769 2377; x_wconf 84' lang='lat' dir='ltr'>icitur.</span> <span class='ocrx_word' id='word_1_186' title='bbox 824 2309 940 2380; x_wconf 80' lang='lat' dir='ltr'>Flavus</span> <span class='ocrx_word' id='word_1_187' title='bbox 978 2325 1011 2382; x_wconf 90' lang='lat' dir='ltr'>et</span> <span class='ocrx_word' id='word_1_188' title='bbox 1030 2331 1188 2404; x_wconf 67' lang='lat' dir='ltr'>&#39;perustus</span> 
     </span>
     <span class='ocr_line' id='line_1_24' title="bbox 66 2395 1190 2494; baseline 0.004 -30"><span class='ocrx_word' id='word_1_189' title='bbox 66 2413 162 2466; x_wconf 88' lang='lat' dir='ltr'>autem</span> <span class='ocrx_word' id='word_1_190' title='bbox 183 2400 259 2466; x_wconf 92' lang='lat' dir='ltr'>ideo</span> <span class='ocrx_word' id='word_1_191' title='bbox 279 2399 398 2488; x_wconf 87' lang='lat' dir='ltr'>ubique</span> <span class='ocrx_word' id='word_1_192' title='bbox 412 2398 634 2475; x_wconf 81' lang='lat' dir='ltr'>introducitur,</span> <span class='ocrx_word' id='word_1_193' title='bbox 658 2396 732 2484; x_wconf 86' lang='lat' dir='ltr'>quie</span> <span class='ocrx_word' id='word_1_194' title='bbox 753 2395 872 2464; x_wconf 79' lang='lat' dir='ltr'>vicinus</span> <span class='ocrx_word' id='word_1_195' title='bbox 891 2422 965 2494; x_wconf 77' lang='lat' dir='ltr'>peso</span> <span class='ocrx_word' id='word_1_196' title='bbox 985 2401 1042 2467; x_wconf 88' lang='lat' dir='ltr'>soli</span> <span class='ocrx_word' id='word_1_197' title='bbox 1062 2415 1190 2488; x_wconf 88' lang='lat' dir='ltr'>praeter</span> 
     </span>
     <span class='ocr_line' id='line_1_25' title="bbox 66 2475 1191 2574; baseline 0.004 -25"><span class='ocrx_word' id='word_1_198' title='bbox 66 2498 181 2553; x_wconf 85' lang='lat' dir='ltr'>ceteras</span> <span class='ocrx_word' id='word_1_199' title='bbox 204 2475 327 2554; x_wconf 63' lang='lat' dir='ltr'>&#39;‘stellas</span> <span class='ocrx_word' id='word_1_200' title='bbox 363 2483 545 2552; x_wconf 81' lang='lat' dir='ltr'>dinoscitur.</span> <span class='ocrx_word' id='word_1_201' title='bbox 610 2482 733 2550; x_wconf 80' lang='lat' dir='ltr'>Uertico</span> <span class='ocrx_word' id='word_1_202' title='bbox 764 2495 878 2550; x_wconf 78' lang='lat' dir='ltr'>autem</span> <span class='ocrx_word' id='word_1_203' title='bbox 911 2485 1016 2572; x_wconf 84' lang='lat' dir='ltr'>cupite</span> <span class='ocrx_word' id='word_1_204' title='bbox 1051 2487 1191 2574; x_wconf 80' lang='lat' dir='ltr'>pingitur</span> 
     </span>
     <span class='ocr_line' id='line_1_26' title="bbox 65 2567 1240 2659; baseline 0 -23"><span class='ocrx_word' id='word_1_205' title='bbox 65 2571 217 2656; x_wconf 82' lang='lat' dir='ltr'>(undeet</span> <span class='ocrx_word' id='word_1_206' title='bbox 237 2571 356 2638; x_wconf 84' lang='lat' dir='ltr'>Anubis</span> <span class='ocrx_word' id='word_1_207' title='bbox 393 2569 558 2658; x_wconf 78' lang='lat' dir='ltr'>dicitur),¹</span> <span class='ocrx_word' id='word_1_208' title='bbox 572 2570 646 2658; x_wconf 88' lang='lat' dir='ltr'>qnia</span> <span class='ocrx_word' id='word_1_209' title='bbox 677 2567 751 2634; x_wconf 88' lang='lat' dir='ltr'>nihil</span> <span class='ocrx_word' id='word_1_210' title='bbox 773 2589 854 2635; x_wconf 88' lang='lat' dir='ltr'>cane</span> <span class='ocrx_word' id='word_1_211' title='bbox 872 2573 1021 2659; x_wconf 83' lang='lat' dir='ltr'>sagacius</span> <span class='ocrx_word' id='word_1_212' title='bbox 1050 2595 1121 2639; x_wconf 90' lang='lat' dir='ltr'>esse</span> <span class='ocrx_word' id='word_1_213' title='bbox 1143 2573 1240 2639; x_wconf 76' lang='lat' dir='ltr'>dt-ns&#39;</span> 
     </span>
     <span class='ocr_line' id='line_1_27' title="bbox 65 2656 1191 2749; baseline 0.006 -29"><span class='ocrx_word' id='word_1_214' title='bbox 65 2659 208 2724; x_wconf 85' lang='lat' dir='ltr'>noscitur.</span> <span class='ocrx_word' id='word_1_215' title='bbox 240 2658 358 2746; x_wconf 82' lang='lat' dir='ltr'>&#39;Lyrae</span> <span class='ocrx_word' id='word_1_216' title='bbox 379 2657 487 2723; x_wconf 78' lang='lat' dir='ltr'>eutem</span> <span class='ocrx_word' id='word_1_217' title='bbox 508 2657 550 2723; x_wconf 89' lang='lat' dir='ltr'>ab</span> <span class='ocrx_word' id='word_1_218' title='bbox 573 2679 613 2724; x_wconf 90' lang='lat' dir='ltr'>eo</span> <span class='ocrx_word' id='word_1_219' title='bbox 640 2656 789 2722; x_wconf 86' lang='lat' dir='ltr'>inventae</span> <span class='ocrx_word' id='word_1_220' title='bbox 810 2666 844 2728; x_wconf 75' lang='lat' dir='ltr'>et</span> <span class='ocrx_word' id='word_1_221' title='bbox 863 2679 921 2745; x_wconf 88' lang='lat' dir='ltr'>per</span> <span class='ocrx_word' id='word_1_222' title='bbox 942 2681 1012 2726; x_wconf 89' lang='lat' dir='ltr'>eam</span> <span class='ocrx_word' id='word_1_223' title='bbox 1033 2659 1075 2726; x_wconf 89' lang='lat' dir='ltr'>ab</span> <span class='ocrx_word' id='word_1_224' title='bbox 1094 2660 1191 2749; x_wconf 77' lang='lat' dir='ltr'>Apol-</span> 
     </span>
     <span class='ocr_line' id='line_1_28' title="bbox 64 2740 871 2831; baseline 0.002 -23"><span class='ocrx_word' id='word_1_225' title='bbox 64 2741 120 2810; x_wconf 89' lang='lat' dir='ltr'>lne</span> <span class='ocrx_word' id='word_1_226' title='bbox 140 2744 250 2831; x_wconf 78' lang='lat' dir='ltr'>virgae</span> <span class='ocrx_word' id='word_1_227' title='bbox 271 2747 356 2810; x_wconf 89' lang='lat' dir='ltr'>dono</span> <span class='ocrx_word' id='word_1_228' title='bbox 377 2753 550 2830; x_wconf 77' lang='lat' dir='ltr'>acceptae,</span> <span class='ocrx_word' id='word_1_229' title='bbox 577 2741 661 2812; x_wconf 85' lang='lat' dir='ltr'>haec</span> <span class='ocrx_word' id='word_1_230' title='bbox 682 2755 732 2809; x_wconf 90' lang='lat' dir='ltr'>est</span> <span class='ocrx_word' id='word_1_231' title='bbox 754 2740 871 2810; x_wconf 82' lang='lat' dir='ltr'>fabula.</span> 
     </span>
    </p>
   </div>
   <div class='ocr_carea' id='block_1_6' title="bbox 55 2911 1309 4334">
    <p class='ocr_par' dir='ltr' id='par_1_6' title="bbox 55 2911 1309 4334">
     <span class='ocr_line' id='line_1_29' title="bbox 335 2911 782 3014; baseline 0.004 -32"><span class='ocrx_word' id='word_1_232' title='bbox 335 2947 358 2982; x_wconf 90' lang='lat'>.·</span> <span class='ocrx_word' id='word_1_233' title='bbox 464 2911 534 2987; x_wconf 54' lang='lat' dir='ltr'>A&amp;</span> <span class='ocrx_word' id='word_1_234' title='bbox 597 2911 782 3014; x_wconf 63' lang='lat' dir='ltr'>Lyre</span> 
     </span>
     <span class='ocr_line' id='line_1_30' title="bbox 55 3035 1191 3131; baseline -0.004 -19"><span class='ocrx_word' id='word_1_235' title='bbox 55 3047 57 3054; x_wconf 80' lang='grc'>’</span> <span class='ocrx_word' id='word_1_236' title='bbox 146 3045 252 3120; x_wconf 85' lang='lat' dir='ltr'>Quum</span> <span class='ocrx_word' id='word_1_237' title='bbox 275 3035 575 3131; x_wconf 71' lang='lat' dir='ltr'>regrediens&#39;Nilu&#39;s</span> <span class='ocrx_word' id='word_1_238' title='bbox 604 3039 636 3106; x_wconf 92' lang='lat' dir='ltr'>in</span> <span class='ocrx_word' id='word_1_239' title='bbox 659 3059 735 3107; x_wconf 86' lang='lat' dir='ltr'>suos</span> <span class='ocrx_word' id='word_1_240' title='bbox 768 3041 891 3108; x_wconf 90' lang='lat' dir='ltr'>meatus</span> <span class='ocrx_word' id='word_1_241' title='bbox 919 3041 1006 3110; x_wconf 83' lang='lat' dir='ltr'>vario</span> <span class='ocrx_word' id='word_1_242' title='bbox 1036 3037 1069 3109; x_wconf 77' lang='lat' dir='ltr'>i&#39;n</span> <span class='ocrx_word' id='word_1_243' title='bbox 1098 3041 1191 3111; x_wconf 89' lang='lat' dir='ltr'>terris</span> 
     </span>
     <span class='ocr_line' id='line_1_31' title="bbox 65 3123 1235 3216; baseline -0.003 -20"><span class='ocrx_word' id='word_1_244' title='bbox 65 3127 237 3216; x_wconf 87' lang='lat' dir='ltr'>reliquisset</span> <span class='ocrx_word' id='word_1_245' title='bbox 258 3128 422 3210; x_wconf 88' lang='lat' dir='ltr'>animalia,</span> <span class='ocrx_word' id='word_1_246' title='bbox 451 3125 635 3194; x_wconf 81' lang='lat' dir='ltr'>relicta&#39;est</span> <span class='ocrx_word' id='word_1_247' title='bbox 656 3125 752 3193; x_wconf 88' lang='lat' dir='ltr'>etiam</span> <span class='ocrx_word' id='word_1_248' title='bbox 782 3123 939 3195; x_wconf 69' lang='lat' dir='ltr'>testndsr·</span> <span class='ocrx_word' id='word_1_249' title='bbox 972 3130 1064 3204; x_wconf 82' lang='lat' dir='ltr'>Quae</span> <span class='ocrx_word' id='word_1_250' title='bbox 1092 3145 1235 3216; x_wconf 78' lang='lat' dir='ltr'>quumeo</span> 
     </span>
     <span class='ocr_line' id='line_1_32' title="bbox 66 3210 1193 3302; baseline -0.002 -22"><span class='ocrx_word' id='word_1_251' title='bbox 66 3217 159 3302; x_wconf 86' lang='lat' dir='ltr'>putris</span> <span class='ocrx_word' id='word_1_252' title='bbox 183 3218 270 3284; x_wconf 87' lang='lat' dir='ltr'>secta</span> <span class='ocrx_word' id='word_1_253' title='bbox 292 3217 394 3294; x_wconf 89' lang='lat' dir='ltr'>esset,</span> <span class='ocrx_word' id='word_1_254' title='bbox 429 3224 462 3282; x_wconf 87' lang='lat' dir='ltr'>et</span> <span class='ocrx_word' id='word_1_255' title='bbox 490 3211 587 3278; x_wconf 76' lang='lat' dir='ltr'>nerni-</span> <span class='ocrx_word' id='word_1_256' title='bbox 611 3210 679 3302; x_wconf 84' lang='lat' dir='ltr'>ejus</span> <span class='ocrx_word' id='word_1_257' title='bbox 712 3213 1076 3282; x_wconf 76' lang='lat' dir='ltr'>remansissentextenti</span> <span class='ocrx_word' id='word_1_258' title='bbox 1110 3213 1193 3280; x_wconf 83' lang='lat' dir='ltr'>intra</span> 
     </span>
     <span class='ocr_line' id='line_1_33' title="bbox 69 3297 1210 3392; baseline 0.004 -30"><span class='ocrx_word' id='word_1_259' title='bbox 69 3302 198 3386; x_wconf 86' lang='lat' dir='ltr'>corium,</span> <span class='ocrx_word' id='word_1_260' title='bbox 235 3322 391 3392; x_wconf 86' lang='lat' dir='ltr'>percussa</span> <span class='ocrx_word' id='word_1_261' title='bbox 425 3305 514 3367; x_wconf 79' lang='lat' dir='ltr'>est&#39;a</span> <span class='ocrx_word' id='word_1_262' title='bbox 535 3297 705 3362; x_wconf 87' lang='lat' dir='ltr'>Mercurio.</span> <span class='ocrx_word' id='word_1_263' title='bbox 759 3300 881 3366; x_wconf 84' lang='lat' dir='ltr'>Postea</span> <span class='ocrx_word' id='word_1_264' title='bbox 918 3315 1026 3388; x_wconf 79' lang='lat' dir='ltr'>quum&#39;</span> <span class='ocrx_word' id='word_1_265' title='bbox 1049 3298 1210 3388; x_wconf 68' lang='lat' dir='ltr'>pascenti*</span> 
     </span>
     <span class='ocr_line' id='line_1_34' title="bbox 72 3375 1194 3476; baseline 0.003 -30"><span class='ocrx_word' id='word_1_266' title='bbox 72 3383 301 3476; x_wconf 80' lang='lat' dir='ltr'>Admeti&#39;regis</span> <span class='ocrx_word' id='word_1_267' title='bbox 331 3396 474 3452; x_wconf 85' lang='lat' dir='ltr'>armenta</span> <span class='ocrx_word' id='word_1_268' title='bbox 506 3381 639 3471; x_wconf 78' lang='lat' dir='ltr'>Apollini</span> <span class='ocrx_word' id='word_1_269' title='bbox 669 3375 773 3451; x_wconf 81' lang='lat' dir='ltr'>lrores&#39;</span> <span class='ocrx_word' id='word_1_270' title='bbox 805 3386 866 3449; x_wconf 88' lang='lat' dir='ltr'>abe</span> <span class='ocrx_word' id='word_1_271' title='bbox 891 3385 983 3460; x_wconf 89' lang='lat' dir='ltr'>isset,</span> <span class='ocrx_word' id='word_1_272' title='bbox 1018 3396 1051 3452; x_wconf 88' lang='lat' dir='ltr'>et</span> <span class='ocrx_word' id='word_1_273' title='bbox 1079 3383 1194 3472; x_wconf 86' lang='lat' dir='ltr'>depre-</span> 
     </span>
     <span class='ocr_line' id='line_1_35' title="bbox 72 3407 1195 3558; baseline 0.002 -28"><span class='ocrx_word' id='word_1_274' title='bbox 72 3467 177 3538; x_wconf 88' lang='lat' dir='ltr'>hensus</span> <span class='ocrx_word' id='word_1_275' title='bbox 196 3476 238 3540; x_wconf 85' lang='lat' dir='ltr'>ab</span> <span class='ocrx_word' id='word_1_276' title='bbox 261 3497 301 3539; x_wconf 92' lang='lat' dir='ltr'>eo</span> <span class='ocrx_word' id='word_1_277' title='bbox 323 3481 424 3552; x_wconf 86' lang='lat' dir='ltr'>esset,</span> <span class='ocrx_word' id='word_1_278' title='bbox 445 3471 589 3558; x_wconf 88' lang='lat' dir='ltr'>poscenti</span> <span class='ocrx_word' id='word_1_279' title='bbox 612 3469 760 3556; x_wconf 89' lang='lat' dir='ltr'>Apollini,</span> <span class='ocrx_word' id='word_1_280' title='bbox 790 3480 831 3534; x_wconf 82' lang='lat' dir='ltr'>ut</span> <span class='ocrx_word' id='word_1_281' title='bbox 852 3407 966 3537; x_wconf 69' lang='lat' dir='ltr'>elicere</span> <span class='ocrx_word' id='word_1_282' title='bbox 987 3468 1124 3548; x_wconf 82' lang='lat' dir='ltr'>liceret,</span> <span class='ocrx_word' id='word_1_283' title='bbox 1158 3492 1195 3533; x_wconf 86' lang='lat' dir='ltr'>se</span> 
     </span>
     <span class='ocr_line' id='line_1_36' title="bbox 69 3551 1237 3645; baseline 0.007 -30"><span class='ocrx_word' id='word_1_284' title='bbox 69 3551 229 3625; x_wconf 83' lang='lat' dir='ltr'>invenisse</span> <span class='ocrx_word' id='word_1_285' title='bbox 252 3558 380 3644; x_wconf 71' lang='lat' dir='ltr'>lyram,</span> <span class='ocrx_word' id='word_1_286' title='bbox 401 3556 568 3635; x_wconf 85' lang='lat' dir='ltr'>concessit,</span> <span class='ocrx_word' id='word_1_287' title='bbox 594 3566 627 3620; x_wconf 92' lang='lat' dir='ltr'>et</span> <span class='ocrx_word' id='word_1_288' title='bbox 648 3557 688 3640; x_wconf 88' lang='lat' dir='ltr'>ab</span> <span class='ocrx_word' id='word_1_289' title='bbox 711 3578 750 3621; x_wconf 92' lang='lat' dir='ltr'>eo</span> <span class='ocrx_word' id='word_1_290' title='bbox 767 3555 891 3643; x_wconf 81' lang='lat' dir='ltr'>virgam</span> <span class='ocrx_word' id='word_1_291' title='bbox 913 3552 1090 3645; x_wconf 78' lang='lat' dir='ltr'>quandem,</span> <span class='ocrx_word' id='word_1_292' title='bbox 1109 3574 1237 3641; x_wconf 71' lang='lat' dir='ltr'>quaest</span> 
     </span>
     <span class='ocr_line' id='line_1_37' title="bbox 70 3636 1309 3728; baseline 0.002 -27"><span class='ocrx_word' id='word_1_293' title='bbox 70 3636 238 3711; x_wconf 82' lang='lat' dir='ltr'>caduceum</span> <span class='ocrx_word' id='word_1_294' title='bbox 262 3643 395 3722; x_wconf 86' lang='lat' dir='ltr'>dicitur,</span> <span class='ocrx_word' id='word_1_295' title='bbox 425 3638 560 3728; x_wconf 75' lang='lat' dir='ltr'>sucepit.</span> <span class='ocrx_word' id='word_1_296' title='bbox 613 3641 718 3716; x_wconf 80' lang='lat' dir='ltr'>Quam</span> <span class='ocrx_word' id='word_1_297' title='bbox 751 3664 847 3708; x_wconf 85' lang='lat' dir='ltr'>manu</span> <span class='ocrx_word' id='word_1_298' title='bbox 870 3653 981 3709; x_wconf 88' lang='lat' dir='ltr'>tenens</span> <span class='ocrx_word' id='word_1_299' title='bbox 1003 3639 1194 3720; x_wconf 84' lang='lat' dir='ltr'>Mercurius,</span> <span class='ocrx_word' id='word_1_300' title='bbox 1297 3693 1309 3711; x_wconf 77' lang='grc'>..</span> 
     </span>
     <span class='ocr_line' id='line_1_38' title="bbox 70 3721 1197 3818; baseline -0.002 -26"><span class='ocrx_word' id='word_1_301' title='bbox 70 3744 159 3809; x_wconf 82' lang='lat' dir='ltr'>quum</span> <span class='ocrx_word' id='word_1_302' title='bbox 181 3729 439 3818; x_wconf 85' lang='lat' dir='ltr'>proficisceretur</span> <span class='ocrx_word' id='word_1_303' title='bbox 461 3721 699 3807; x_wconf 70' lang='lat' dir='ltr'>murenulam,</span> <span class='ocrx_word' id='word_1_304' title='bbox 731 3738 765 3795; x_wconf 90' lang='lat' dir='ltr'>et</span> <span class='ocrx_word' id='word_1_305' title='bbox 784 3727 915 3795; x_wconf 85' lang='lat' dir='ltr'>vidisset</span> <span class='ocrx_word' id='word_1_306' title='bbox 936 3725 1017 3790; x_wconf 88' lang='lat' dir='ltr'>duos</span> <span class='ocrx_word' id='word_1_307' title='bbox 1038 3725 1197 3792; x_wconf 87' lang='lat' dir='ltr'>dracones</span> 
     </span>
     <span class='ocr_line' id='line_1_39' title="bbox 68 3809 1198 3913; baseline 0.005 -41"><span class='ocrx_word' id='word_1_308' title='bbox 68 3809 226 3896; x_wconf 89' lang='lat' dir='ltr'>implicitos</span> <span class='ocrx_word' id='word_1_309' title='bbox 256 3817 339 3881; x_wconf 89' lang='lat' dir='ltr'>inter</span> <span class='ocrx_word' id='word_1_310' title='bbox 367 3835 404 3880; x_wconf 89' lang='lat' dir='ltr'>se</span> <span class='ocrx_word' id='word_1_311' title='bbox 434 3812 604 3892; x_wconf 82' lang='lat' dir='ltr'>dimicare,</span> <span class='ocrx_word' id='word_1_312' title='bbox 641 3812 763 3900; x_wconf 78' lang='lat' dir='ltr'>virgam</span> <span class='ocrx_word' id='word_1_313' title='bbox 791 3814 873 3880; x_wconf 91' lang='lat' dir='ltr'>inter</span> <span class='ocrx_word' id='word_1_314' title='bbox 902 3810 1023 3879; x_wconf 88' lang='lat' dir='ltr'>medios</span> <span class='ocrx_word' id='word_1_315' title='bbox 1056 3812 1198 3913; x_wconf 86' lang='lat' dir='ltr'>projecit.</span> 
     </span>
     <span class='ocr_line' id='line_1_40' title="bbox 69 3893 1196 3991; baseline 0.005 -35"><span class='ocrx_word' id='word_1_316' title='bbox 69 3893 115 3958; x_wconf 95' lang='lat' dir='ltr'>llli</span> <span class='ocrx_word' id='word_1_317' title='bbox 129 3919 201 3967; x_wconf 80' lang='lat' dir='ltr'>mou</span> <span class='ocrx_word' id='word_1_318' title='bbox 221 3898 416 3991; x_wconf 71' lang='lat' dir='ltr'>segregati,</span> <span class='ocrx_word' id='word_1_319' title='bbox 439 3897 663 3966; x_wconf 89' lang='lat' dir='ltr'>discesserunt.</span> <span class='ocrx_word' id='word_1_320' title='bbox 713 3899 788 3974; x_wconf 85' lang='lat' dir='ltr'>Quo</span> <span class='ocrx_word' id='word_1_321' title='bbox 811 3899 915 3976; x_wconf 86' lang='lat' dir='ltr'>lacto,</span> <span class='ocrx_word' id='word_1_322' title='bbox 949 3919 1028 3962; x_wconf 46' lang='lat' dir='ltr'>eamn</span> <span class='ocrx_word' id='word_1_323' title='bbox 1043 3898 1196 3986; x_wconf 80' lang='lat' dir='ltr'>rugulam</span> 
     </span>
     <span class='ocr_line' id='line_1_41' title="bbox 69 3981 1239 4075; baseline 0.002 -27"><span class='ocrx_word' id='word_1_324' title='bbox 69 3981 154 4066; x_wconf 81' lang='lat' dir='ltr'>pacis</span> <span class='ocrx_word' id='word_1_325' title='bbox 174 4009 271 4053; x_wconf 84' lang='lat' dir='ltr'>causa</span> <span class='ocrx_word' id='word_1_326' title='bbox 301 3983 454 4071; x_wconf 77' lang='lat' dir='ltr'>cognorit</span> <span class='ocrx_word' id='word_1_327' title='bbox 479 3989 552 4050; x_wconf 85' lang='lat' dir='ltr'>esse</span> <span class='ocrx_word' id='word_1_328' title='bbox 582 3981 765 4075; x_wconf 86' lang='lat' dir='ltr'>institutam.</span> <span class='ocrx_word' id='word_1_329' title='bbox 815 3983 951 4068; x_wconf 81' lang='lat' dir='ltr'>Virgae.</span> <span class='ocrx_word' id='word_1_330' title='bbox 966 3983 1071 4048; x_wconf 87' lang='lat' dir='ltr'>autem</span> <span class='ocrx_word' id='word_1_331' title='bbox 1105 3984 1196 4073; x_wconf 86' lang='lat' dir='ltr'>hujus</span> <span class='ocrx_word' id='word_1_332' title='bbox 1204 4009 1239 4059; x_wconf 79' lang='lat'>40</span> 
     </span>
     <span class='ocr_line' id='line_1_42' title="bbox 70 4065 1199 4149; baseline 0.005 -21"><span class='ocrx_word' id='word_1_333' title='bbox 70 4065 151 4132; x_wconf 86' lang='lat' dir='ltr'>haec</span> <span class='ocrx_word' id='word_1_334' title='bbox 170 4084 219 4140; x_wconf 90' lang='lat' dir='ltr'>est</span> <span class='ocrx_word' id='word_1_335' title='bbox 239 4072 330 4140; x_wconf 87' lang='lat' dir='ltr'>ratio.</span> <span class='ocrx_word' id='word_1_336' title='bbox 374 4067 607 4140; x_wconf 70' lang='lat' dir='ltr'>Mercurius&#39;et</span> <span class='ocrx_word' id='word_1_337' title='bbox 629 4067 779 4135; x_wconf 89' lang='lat' dir='ltr'>orationis</span> <span class='ocrx_word' id='word_1_338' title='bbox 846 4090 978 4134; x_wconf 84' lang='lat' dir='ltr'>usesse</span> <span class='ocrx_word' id='word_1_339' title='bbox 999 4068 1145 4149; x_wconf 69' lang='lat' dir='ltr'>dicitur,</span> <span class='ocrx_word' id='word_1_340' title='bbox 1165 4078 1199 4135; x_wconf 90' lang='lat' dir='ltr'>et</span> 
     </span>
     <span class='ocr_line' id='line_1_43' title="bbox 67 4149 1245 4242; baseline 0.004 -29"><span class='ocrx_word' id='word_1_341' title='bbox 67 4149 222 4242; x_wconf 80' lang='lat' dir='ltr'>interpres</span> <span class='ocrx_word' id='word_1_342' title='bbox 244 4155 395 4226; x_wconf 66' lang='lat' dir='ltr'>deorum..</span> <span class='ocrx_word' id='word_1_343' title='bbox 439 4152 540 4222; x_wconf 87' lang='lat' dir='ltr'>Unde</span> <span class='ocrx_word' id='word_1_344' title='bbox 557 4151 648 4240; x_wconf 83' lang='lat' dir='ltr'>virge</span> <span class='ocrx_word' id='word_1_345' title='bbox 677 4173 792 4240; x_wconf 89' lang='lat' dir='ltr'>serpen</span> <span class='ocrx_word' id='word_1_346' title='bbox 862 4151 996 4233; x_wconf 77' lang='lat' dir='ltr'>dividit,</span> <span class='ocrx_word' id='word_1_347' title='bbox 1019 4153 1054 4221; x_wconf 89' lang='lat' dir='ltr'>id</span> <span class='ocrx_word' id='word_1_348' title='bbox 1075 4166 1126 4224; x_wconf 87' lang='lat' dir='ltr'>est</span> <span class='ocrx_word' id='word_1_349' title='bbox 1145 4177 1199 4219; x_wconf 75' lang='lat' dir='ltr'>ve·</span> <span class='ocrx_word' id='word_1_350' title='bbox 1218 4192 1245 4237; x_wconf 65' lang='grc'>,--</span> 
     </span>
     <span class='ocr_line' id='line_1_44' title="bbox 70 4237 1199 4334; baseline 0.004 -36"><span class='ocrx_word' id='word_1_351' title='bbox 70 4255 170 4320; x_wconf 81' lang='lat' dir='ltr'>nena3</span> <span class='ocrx_word' id='word_1_352' title='bbox 194 4263 271 4312; x_wconf 87' lang='lat' dir='ltr'>nam</span> <span class='ocrx_word' id='word_1_353' title='bbox 300 4241 452 4312; x_wconf 80' lang='lat' dir='ltr'>bellantes</span> <span class='ocrx_word' id='word_1_354' title='bbox 480 4238 690 4328; x_wconf 88' lang='lat' dir='ltr'>interpretum</span> <span class='ocrx_word' id='word_1_355' title='bbox 718 4238 863 4308; x_wconf 87' lang='lat' dir='ltr'>oratione</span> <span class='ocrx_word' id='word_1_356' title='bbox 890 4237 1051 4314; x_wconf 89' lang='lat' dir='ltr'>sedantur.</span> <span class='ocrx_word' id='word_1_357' title='bbox 1092 4237 1199 4334; x_wconf 88' lang='lat' dir='ltr'>Unde</span> 
     </span>
    </p>
   </div>
   <div class='ocr_carea' id='block_1_7' title="bbox 0 0 1362 4794">
    <p class='ocr_par' dir='ltr' id='par_1_7' title="bbox 0 0 1362 4794">
     <span class='ocr_line' id='line_1_45' title="bbox 0 0 1362 4794; baseline 0 4"><span class='ocrx_word' id='word_1_358' title='bbox 0 0 1362 4794; x_wconf 95' lang='lat' dir='ltr'> </span> 
     </span>
    </p>
   </div>
  </div>
 </body>
</html>
