2716 4794
162 97 249 259 lan
462 169 644 273 ateana.
672 173 725 248 u.
765 169 1037 290 aaa-raa.
1153 147 1157 250 ζ

543 353 636 441 142.
697 355 914 432 Phineus.
977 411 980 420 -

77 523 88 560 ,
247 479 406 564 Phineus,
425 503 480 548 rer
502 481 673 564 Arcadiae,
694 481 799 550 liberis
820 482 884 552 suis
906 486 1074 550 novercam
1097 476 1284 574 superduxit,

165 565 253 654 cujus
271 566 423 645 instinctu
437 590 493 634 eos
510 568 659 636 caecavit.
702 569 806 644 Quam
829 569 872 636 oh
893 592 960 642 rem
981 570 1052 638 irati
1073 566 1116 635 dii
1134 571 1164 636 ei
1184 569 1285 636 oculos

164 651 386 734 sustulerunt,
408 664 441 720 et
467 653 627 742 Harpyias
663 651 882 724 adhibuerunt.
935 657 1028 732 Quae
1053 677 1149 743 quum
1180 654 1208 721 ei
1239 655 1287 722 diu

139 739 252 822 {eibos
281 739 478 826 abriperent,
512 738 660 806 Iasonem
690 761 761 808 cum
795 742 1005 828 Argonautis,
1041 754 1171 844 propter
1200 740 1287 808 vallus

162 845 293 892 aureum
316 823 455 892 Colchos
477 835 644 914 petentem,
667 823 800 914 hospitio
822 827 979 916 suscepit3
1000 848 1052 893 cur
1073 839 1165 895 ehem
1181 824 1287 894 ducto

162 929 230 975 rem
246 909 349 978 dedit.
394 912 469 976 Hoc
490 929 569 996 ergo
592 912 747 978 beneficio
769 910 861 978 illecti
884 916 1105 999 Argonautae,
1138 911 1239 978 Zeten
1261 923 1289 978 et

163 993 293 1077 Calain,
329 996 408 1062 filios
429 995 556 1062 Boreae
582 1008 615 1062 et
645 997 810 1086 Orithyiae
843 997 1036 1085 (Erechthei
1060 997 1159 1077 filiae,
1199 1021 1288 1086 quam

67 1131 74 1142 .
163 1080 286 1148 Boreas
309 1103 328 1146 e
347 1081 477 1148 flumine
496 1081 586 1148 Ilisso
608 1083 729 1170 rapuit)
750 1082 867 1162 alatos,
892 1085 1040 1170 inquam,
1070 1083 1215 1171 juvenes,
1253 1081 1288 1147 ad

122 1163 324 1254 lapellendas
343 1167 501 1256 Harpyias
524 1167 552 1232 ei
575 1168 736 1236 miserant.
792 1169 880 1242 Quas
909 1191 1005 1258 quum
1034 1169 1148 1235 strictis
1179 1167 1288 1254 gladiis

163 1259 450 1342 persequerentur,
486 1251 596 1342 pulsae
625 1252 681 1318 de·
695 1252 851 1318 Arcadiae
873 1265 1082 1340 pervenerunt
1103 1254 1144 1318 ad
1167 1252 1289 1334 insulas,
1346 1259 1348 1320 l

142 1333 247 1426 ''qnae
268 1329 505 1428 appellabantur
523 1337 645 1406 Plotae.
689 1339 733 1405 Et
753 1361 848 1426 quum
870 1339 982 1405 vellent
1002 1338 1129 1407 ulterius
1151 1339 1289 1427 tendere,
1346 1327 1348 1426 l

127 1429 129 1436 ’
164 1426 204 1496 ab
225 1422 312 1490 Iride
333 1421 501 1505 admoniti,
523 1433 559 1490 ut
580 1423 767 1495 desisterent
788 1447 807 1488 a
827 1425 913 1491 Jovis
936 1425 1086 1504 canibus,
1109 1447 1196 1492 -suos
1218 1449 1289 1492 con-
1347 1461 1348 1480 ι

36 1507 38 1510 ’
164 1517 325 1578 verterunt
346 1508 480 1595 volatus..
529 1509 623 1582 Quae
654 1509 833 1588 conversio,
853 1509 898 1574 'id
927 1523 976 1578 est
1003 1506 1148 1600 στροφὴ,
1178 1533 1288 1578 nornen
1347 1507 1348 1568 ἶ

122 1593 270 1664 lainsulis
292 1593 391 1663 dedit.
430 1595 573 1663 Phineus
594 1595 625 1662 ln
647 1595 776 1662 modum
809 1596 957 1662 avaritiae
976 1597 1119 1686 ponitur,
1155 1596 1290 1681 afenc-
1347 1573 1348 1612 l

162 1679 273 1747 roardo
300 1679 442 1747 Phineus
480 1680 592 1746 dictus.
642 1681 722 1748 Ideo
752 1703 886 1760 caecus,
922 1681 1009 1769 quod
1039 1682 1139 1748 omnis
1165 1684 1289 1751 avaritia

131 1787 265 1838 ··aneca
283 1765 344 1846 sit,
381 1789 463 1855 qnae
484 1785 546 1832 non
561 1765 653 1847 ,videt
673 1791 739 1834 sua.
797 1765 875 1832 Ideo
897 1767 1060 1856 Harpyiae
1081 1769 1110 1833 ei
1131 1767 1220 1838 cibos
1242 1791 1288 1835 ra-

127 1847 274 1941 ·piunt,
304 1853 378 1940 quia
400 1853 510 1939 rapina
532 1874 604 1918 eum
627 1852 742 1940 aliquid
771 1849 814 1918 de
834 1871 898 1918 sno*
928 1853 1099 1920 comedere
1129 1875 1192 1920 non
1222 1877 1289 1943 per-

151 1936 264 2024 mittit.
317 1936 383 2004 Sed
413 1938 470 2003 has
500 1939 540 2002 ab
573 1951 705 2024 aspectu
736 1937 803 2028 ejus
835 1939 931 2004 Zetes
967 1951 1000 2006 et
1035 1938 1141 2005 Calais
1171 1939 1289 2030 sugant

121 2019 296 2086 noerae-e
315 2024 396 2110 eqhn
418 2023 520 2108 ζητῶν
551 2019 653 2092 ealda
683 2025 862 2112 inquirens
895 2021 1020 2089 bonnm
1050 2021 1183 2109 dicitur3
1215 2031 1288 2094 'nam

29 2137 31 2142 ·
165 2105 485 2200 veniente-bonitate,
504 2108 734 2198 omnisrapioa
756 2109 895 2196 fugatur.

129 2199 165 2240 aa,
282 2202 305 2223 ¹«
374 2201 399 2224 ιι

399 2293 492 2371 145.
553 2297 754 2396 Oedipus
786 2308 825 2370 et
858 2234 1073 2396 Sphinx.x

169 2459 175 2470 ν
239 2423 373 2512 ⁴Sphinx
394 2435 570 2492 monstrum
590 2432 677 2501 eret,
705 2419 770 2498 alos
791 2435 825 2488 et
844 2445 970 2508 ungues
992 2423 1114 2492 habens
1137 2421 1169 2492 in
1191 2425 1289 2494 simili-

165 2506 307 2592 tudinem
328 2509 560 2596 Harpyiarum‚
582 2505 670 2595 quod
690 2506 829 2576 insidens
850 2508 1001 2598 scopulo,
1024 2510 1094 2577 riae
1111 2511 1290 2591 imminenti,

121 2596 540 2680 ttinsolnbilialaenigrnata
559 2593 756 2681 proponebat
782 2595 1026 2664 transeuntibus.
1076 2597 1169 2670 Quae
1197 2618 1290 2686 quuru

162 2681 284 2754 soluere
305 2703 368 2748 non
386 2691 534 2768 possent,
564 2699 603 2745 ex
622 2679 791 2766 improviso
814 2680 974 2762 veniebat,
1008 2681 1200 2769 agminaque
1230 2683 1290 2749 ala-

162 2789 232 2832 ram
254 2778 289 2834 et
307 2768 468 2852 unguibus
488 2764 530 2831 ad
558 2787 594 2849 se
615 2763 646 2829 in
668 2785 779 2852 rupem
800 2765 956 2836 trahebat
999 2766 1102 2856 Cujus
1127 2767 1292 2836 locutionis

162 2855 316 2940 ambages
337 2851 498 2939 Oedipus,
529 2849 716 2945 Thebarum
736 2874 809 2944 rer,
842 2873 901 2923 sua
922 2849 1090 2938 calliditate
1116 2852 1227 2937 soluit,
1262 2864 1293 2922 et

164 2937 286 3007 *domun
302 2939 454 3006 tractavit,¹
812 2943 813 2946 ’
1015 2991 1017 3000 1
1121 2971 1123 2974 ·

845 3017 853 3056 l

122 3131 234 3219 30¹⁴''1'
517 3127 627 3204 ιιι.
690 3129 925 3203 Oeneus.-
1032 3169 1035 3179 ·

246 3260 396 3340 Oeneus,
423 3249 620 3344 »Parthaqnis
640 3259 738 3338 filins,
779 3279 837 3326 rex
866 3255 1027 3338 Aetoliae,
1070 3256 1159 3348 oujns
1189 3255 1294 3324 civitas

162 3356 233 3422 ,erat
250 3344 408 3447 Calydon,
429 3347 590 3434 regnisui
614 3357 729 3414 statum
751 3341 887 3409 turbavit
900 3343 1105 3492 neglcqantie
1122 3365 1294 3410 sacrorum.

119 3477 143 3510 ,-
163 3435 276 3508 Annua
298 3429 451 3519 siquidem
472 3445 549 3502 vota¹
566 3454 624 3519 pro
644 3427 766 3520 imperii
788 3427 942 3496 fructibus
964 3429 1127 3496 oeebrans
1137 3479 1149 3508 ,
1180 3448 1293 3494 numen
1342 3512 1343 3520 ἵ

164 3517 290 3594 Dianae
311 3519 499 3594 contemsit,
528 3517 580 3584 Ea
608 3537 719 3604 aprum
747 3534 889 3580 summae
918 3499 1143 3602 rhagnitudinis
1170 3511 1295 3601 regioni
1342 3529 1343 3560 l

123 3602 233 3691 atejus
253 3604 397 3685 immisit,
419 3605 474 3691 qui
494 3601 622 3670 vastatis
645 3597 828 3690 Calydoniis
851 3601 954 3679 terris,
977 3597 1233 3689 Calydonius
1252 3599 1294 3665 ah

29 3701 31 3706 ’
159 3689 246 3762 :urbe
268 3691 372 3774 gentis
399 3701 448 3758 est
475 3687 655 3774 appellatus.
714 3685 814 3774 Cuius
847 3685 972 3752 scritate
1003 3686 1133 3752 Oeneus
1163 3686 1337 3760 fractusce¹

165 3771 312 3852 edictum,
342 3773 404 3854 talc
438 3774 619 3861 proposuit,
653 3785 688 3840 ut
732 3769 893 3842 dimidium
929 3773 1021 3856 regni
1061 3785 1207 3860 caperet,
1242 3767 1299 3856 qui
1320 3768 1333 3788 “’

163 3873 338 3936 monstrum
357 3861 578 3930 interemisset.
624 3855 786 3946 Siquidem
809 3855 889 3946 iilius
920 3855 986 3946 ejus
1017 3856 1183 3944 Meleager
1206 3855 1299 3924 undi-
1341 3905 1342 3942 ,

157 3965 235 4032 ,quea
250 3944 630 4034 aduertamsjunentntena
654 3945 696 4028 ,ad
715 3940 797 4008 illam
819 3941 1039 4037 adelgenesis
1061 3942 1300 4036 aspeditionem

123 4031 312 4106 tamensim
346 4029 437 4106 dnter
479 4053 558 4118 quos
588 4031 686 4112 etiam
724 4029 870 4118 Atalante
904 4023 1075 4115 cotemnit,¹
1111 4029 1186 4096 Iasii
1223 4025 1301 4104 filia,

154 4139 286 4195 summe
323 4116 478 4192 venatrix,
501 4117 645 4190 ,Dianae
681 4112 799 4184 seilicet
829 4137 957 4196 comes3
994 4135 1078 4203 quae
1103 4114 1134 4180 in
1157 4112 1303 4181 saltibus
1340 4099 1341 4154 l

166 4202 266 4287 prima
288 4199 426 4268 omnium
448 4201 646 4288 praedictum
670 4222 781 4290 aprum
811 4200 928 4292 sagitta
957 4199 1122 4290 percussit
1174 4199 1302 4268 Postea
