2786 4800
236 259 246 276 .
381 166 972 325 &boehm-2023
1129 165 1213 284 ⁰61

186 393 284 470 201.
338 392 522 471 Aeneas
552 405 599 471 et
632 394 865 470 Lethaeus
900 393 1088 472 flarius.

133 527 263 592 Aeneas
278 521 355 597 dum
373 523 432 616 per
444 524 562 592 inferos
576 535 740 612 pergeret,
760 523 899 612 respexit
913 524 1042 590 fluvium
1054 519 1213 610 quendam

83 609 131 678 loci
139 611 333 692 remotioris,
351 607 394 676 ed
405 612 675 699 queminnumera
687 608 854 677 multitudo
865 609 1018 678 tendebat
1029 611 1213 676 animarum.

83 695 292 783 Interrogavit
319 707 459 785 patrem,
489 697 559 784 quis
592 708 676 763 esset
705 695 834 776 fluvius,
872 696 920 760 vel
941 719 1005 784 qua
1025 696 1149 762 ratione
1170 695 1212 762 ad

82 805 144 849 eum
174 794 350 883 pergerent
378 783 510 848 animae.
558 779 660 848 Pater
689 779 749 849 ait:
781 779 944 847 Lethaeus
971 791 1038 864 est}
1072 790 1237 869 pergunt5

81 881 182 936 antem
204 889 345 955 ammae,
366 879 402 941 ut
423 879 534 956 potent
555 877 587 934 et
609 865 795 934 oblivionem
814 866 990 955 patiantur,
1011 877 1046 933 ut
1064 867 1214 958 incipiant

82 955 148 1020 nelle
178 971 336 1020 remeare.
385 953 594 1042 Stupefaetus
621 955 746 1019 Aeneas
772 953 967 1038 interrogat.
1012 951 1075 1018 Dic
1112 966 1213 1040 pater,

82 1043 168 1107 etiam
197 1037 343 1119 animae,
371 1060 455 1126 quae
482 1048 615 1190 propter
640 1039 843 1126 praeteritam
872 1039 965 1104 vitam
991 1047 1039 1103 tot
1060 1038 1213 1126 supplicia

101 1123 288 1204 ertulerunt,
322 1137 456 1213 possunt
505 1126 603 1190 abere
675 1134 743 1190 tum
777 1122 957 1192 revertendi
988 1121 1022 1188 in
1037 1140 1111 1187 ‘cor
1133 1123 1213 1190 ora?

83 1149 147 1276 hon
169 1222 220 1278 est
241 1209 306 1276 veri
337 1209 454 1292 simile,
479 1207 627 1276 liberatas
679 1231 698 1275 e
727 1205 869 1297 eorporis
898 1230 1047 1288 carcere,
1077 1231 1094 1273 a
1143 1211 1254 1300 ejuslo

91 1317 187 1362 nexum
212 1295 338 1363 reverti.
382 1297 541 1386 Suscepta
568 1293 836 1384 interrogatione,
866 1294 950 1364 haee
976 1292 1128 1361 Anchises
1159 1319 1213 1362 ex-

93 1378 232 1468 sequiturh
262 1381 377 1468 primo
397 1377 505 1466 fieri,
536 1390 578 1446 ut
599 1381 763 1462 redeant,
796 1379 920 1446 deinde
941 1403 1059 1532 posse,
1088 1379 1215 1446 deinde

94 1467 169 1532 velle.
213 1466 308 1541 Quae
329 1465 478 1554 quoniam
500 1467 639 1532 obscura
659 1474 749 1547 sunt,
781 1464 848 1532 aliis
878 1464 938 1532 sub

93 1565 253 1620 notescunt
296 1543 384 1626 Quid
405 1563 457 1619 est
473 1549 619 1618 debere?
652 1552 795 1645 Cuncta·
809 1549 953 1618 animalia
981 1573 1004 1620 a
1020 1551 1094 1618 Deo
1116 1549 1214 1638 origi-

91 1657 144 1703 nen
165 1637 299 1704 ducunt,
341 1637 435 1712 Quae
462 1637 537 1725 qnia
557 1637 645 1703 nasci
667 1637 842 1718 cernimus,
873 1648 1075 1705 revertuntur
1101 1636 1256 1726 procella

89 1721 188 1804 dnbio,
220 1721 306 1790 unde
334 1731 451 1790 cuncta
480 1733 698 1812 procreantur.
740 1721 868 1790 Deinde
892 1745 991 1812 posse
1011 1724 1060 1792 sie
1079 1724 1211 1812 probat:

87 1811 147 1894 quia
166 1805 363 1876 immortales
385 1819 458 1877 sunt
484 1808 625 1890 animae,
654 1820 687 1876 et
715 1821 789 1878 sunt
815 1829 899 1898 quae
927 1821 1060 1898 possunt
1087 1811 1212 1884 reverti.

86 1894 221 1963 'Fortium
243 1908 309 1975 est,
329 1904 438 1962 utrum
464 1893 595 1975 velint3
655 1891 720 1960 nod
749 1893 825 1964 dicit
854 1893 924 1961 lieri
975 1917 1010 1964 er
1032 1894 1213 1964 Lethaeum

85 1981 213 2048 lindum.
255 1981 304 2048 Et
333 1979 397 2046 boc
420 1989 489 2060 est,
518 1915 780 2066 quodhicturus
815 1990 873 2048 est,
960 1981 1001 2048 ed
1034 1980 1212 2050 incidentes

86 2068 277 2151 quaestiones
300 2065 422 2132 faciunt
443 2064 679 2133 obscuritatem.
724 2068 811 2133 San'e
840 2063 882 2132 de
908 2063 974 2133 hoc
995 2067 1090 2134 fluvio
1135 2085 1256 2136 uae-ao

86 2149 153 2218 ritnr
173 2177 195 2220 a
216 2149 495 2242 prudentioribus,
515 2163 623 2219 utrum
644 2151 686 2217 de
707 2151 765 2218 illis
787 2173 899 2226 novem
920 2152 971 2228 sit,
995 2155 1050 2240 qui
1071 2174 1090 2218 a
1145 2156 1214 2221 iunt

87 2235 250 2320 inlernum,
266 2307 269 2314 ,
288 2261 329 2303 an
356 2239 632 2327 praeter‘norem.
682 2235 728 2306 Et
754 2235 849 2304 datur
876 2235 1028 2324 intelligi,
1056 2238 1144 2325 qnod
1172 2241 1214 2304 ab

85 2313 135 2390 illis
155 2347 268 2394 norem
290 2334 456 2474 separatus
478 2320 527 2390 sit.
559 2321 707 2412 Namque
729 2321 835 2390 volunt
854 2343 926 2388 eum
949 2345 1025 2409 esse¹
1040 2325 1215 2410 imaginem
1265 2339 1270 2346 '

85 2411 259 2478 senectutis.
334 2432 385 2476 am
408 2407 533 2476 animae
561 2422 689 2476 nostrae
717 2407 826 2496 vigent
853 2418 886 2476 et
911 2405 1033 2478 alacres
1055 2422 1147 2492 sunt,
1181 2421 1214 2478 et

84 2494 189 2582 plenae
216 2495 372 2563 memoria
401 2516 420 2561 a
448 2491 584 2598 pueritia
614 2487 716 2584 usque
750 2491 793 2560 ad
822 2505 993 2562 senectam.
1035 2496 1157 2564 Postea
1180 2495 1256 2562 in25

83 2581 170 2650 nimia
189 2591 358 2650 senectute
378 2603 480 2647 omnis
500 2582 653 2664 memoria
672 2579 805 2662 labitur;
835 2602 899 2670 qua
920 2578 1028 2668 lapsa,
1053 2604 1143 2648 mors
1164 2580 1212 2649 in-

84 2668 226 2750 tervenit,
260 2680 294 2737 et
321 2665 445 2734 animae
470 2667 502 2732 in
529 2664 614 2732 aliud
642 2688 761 2756 corpus
781 2676 992 2736 revertuntur.
1035 2667 1132 2734 Unde
1153 2669 1213 2734 fin-

83 2765 160 2838 gunt
179 2757 305 2842 poetae,
328 2752 459 2832 animas,
476 2749 625 2822 Lethaeo
639 2753 765 2834 hausto,
788 2753 820 2820 in
843 2774 960 2842 corpus
972 2751 1088 2820 redire.
1118 2755 1213 2842 Ergo

83 2839 239 2907 hethaeus
279 2848 330 2906 est
358 2839 490 2915 oblivio,
532 2839 781 2926 morttaemper
818 2838 928 2905 vicina.
972 2839 1008 2906 si
1038 2840 1142 2906 anima
1163 2853 1214 2909 est

84 2935 225 3006 aeterna,
253 2937 286 2993 et
304 2924 420 2993 summi
441 2923 566 3011 spiritus
589 2945 681 3013 pars,
712 2947 775 3011 qua
795 2925 920 3009 ratione
936 2923 969 2991 in
991 2946 1128 3029 corpore
1148 2943 1254 2998 nonae

84 3021 179 3076 totum
197 3009 306 3079 ridet?
327 3031 387 3076 nee
408 3021 457 3076 est
479 3020 587 3076 tantae
608 3007 814 3098 prudentiae,
835 3021 1006 3098 tantaeque
1028 3013 1212 3094 vivacitatis,

84 3109 117 3162 nt
146 3097 247 3162 omnia
273 3096 377 3184 possit
405 3093 611 3184 agnosceret
651 3095 752 3162 Immo
786 3095 861 3183 quia
893 3097 1000 3184 eoepit
1030 3097 1062 3164 in
1094 3121 1212 3185 corpus

85 3179 293 3262 descendere,
312 3191 407 3269 ‘potat
428 3179 588 3248 stultitiam
611 3191 644 3247 et
664 3180 861 3256 oblivionem.
903 3181 999 3266 Unde
1021 3205 1084 3250 non
1105 3196 1213 3273 potest

85 3263 205 3354 implere
225 3267 287 3338 vim
309 3268 443 3334 numinis
464 3267 513 3336 sui
547 3277 621 3356 post
643 3278 777 3333 naturae
797 3287 876 3334 suae
893 3263 1090 3338 oblivionem.
1173 3311 1176 3318 ,
1211 3273 1217 3279 ”

291 3405 294 3410 y
383 3439 479 3517 202.
546 3397 895 3542 Fugerne-ee.
1217 3477 1254 3530 as
1309 3463 1342 3560 J

164 3571 300 3652 Aeneas,
330 3569 463 3638 Veneris
491 3581 525 3638 et
544 3569 703 3637 Anchisae
718 3567 822 3647 lilius,
850 3568 884 3634 in
906 3567 1069 3638 eversione
1089 3569 1211 3661 Trojae

88 3650 160 3722 deos
184 3670 337 3748 penates,
373 3669 405 3724 et
429 3654 573 3746 patrem,
613 3667 646 3723 et
675 3649 778 3720 lilium
798 3656 967 3721 Ascanium
995 3677 1036 3720 ex
1062 3656 1209 3725 incendio

87 3740 208 3827 eripuit,
238 3756 272 3811 et
301 3765 373 3809 cum
401 3743 449 3809 bis
480 3743 512 3807 in
536 3740 626 3807 Idam
649 3751 789 3806 montem
809 3742 909 3822 venit3
942 3739 1050 3826 ibique
1071 3743 1134 3810 XX
1154 3769 1210 3812 na-

88 3825 167 3894 vibus
193 3830 373 3909 lubricatis,
406 3828 564 3916 responsis
596 3825 728 3892 deorum
750 3825 904 3908 monitus,
936 3845 1024 3890 mare
1044 3825 1209 3917 ingressus
1236 3867 1245 3876 ·

87 3924 147 3993 est,
176 3927 208 3982 et
228 3914 270 3982 ad
291 3913 464 3982 Thraciam
487 3913 586 3989 venit,
614 3911 720 3998 ibique
748 3911 890 3979 condidit
911 3909 1084 3993 civitatem,
1114 3937 1251 4005 quamne

87 4003 198 4066 Aeneas
218 4001 303 4068 idem
323 4000 369 4066 de
389 4023 448 4066 suo
469 4000 595 4066 nomine
616 3999 761 4068 vocavit„
786 3995 868 4062 Inde
892 3997 1042 4084 auspiciis
1064 4001 1209 4070 Deorum

87 4088 305 4168 commonitus,
333 4086 374 4153 ad
396 4083 510 4153 Delum
533 4082 664 4150 insulam
686 4083 865 4170 navigavit3
892 4082 1001 4168 ibique
1021 4091 1208 4167 rertAnins,

84 4164 163 4234 idem
195 4186 232 4242 et,
258 4171 409 4240 sacerdos
438 4170 603 4258 Apollinis,
644 4181 721 4235 erat.
783 4167 925 4234 Exhinc
945 4169 1110 4255 profectus
1149 4197 1209 4264 per
1257 4202 1259 4213 ·

87 4249 235 4336 Cycladas
264 4259 405 4335 insulas„
431 4258 514 4325 venit
544 4258 585 4324 ad
608 4255 737 4322 Cretam
759 4251 909 4338 insulam,
939 4254 970 4338 in
993 4279 1055 4344 qua
1079 4259 1206 4344 Perga-

961 1465 1141 1532 ivisionihus
1166 1465 1214 1531 in-
1265 1497 1269 1510 ν

1345 4287 1357 4390 l
