<?xml version="1.0" encoding="UTF-8"?>
<!DOCTYPE html PUBLIC "-//W3C//DTD XHTML 1.0 Transitional//EN"
    "http://www.w3.org/TR/xhtml1/DTD/xhtml1-transitional.dtd">
<html xmlns="http://www.w3.org/1999/xhtml" xml:lang="en" lang="en">
 <head>
  <title>
</title>
<meta http-equiv="Content-Type" content="text/html;charset=utf-8" />
  <meta name='ocr-system' content='tesseract 3.04.00' />
  <meta name='ocr-capabilities' content='ocr_page ocr_carea ocr_par ocr_line ocrx_word'/>
</head>
<body>
  <div class='ocr_page' id='page_1' title='image "./scriptoresrerum01bodegoog_0168.png"; bbox 0 0 2716 4794; ppageno 0'>
   <div class='ocr_carea' id='block_1_1' title="bbox 354 133 1195 302">
    <p class='ocr_par' dir='ltr' id='par_1_1' title="bbox 354 133 1208 318">
     <span class='ocr_line' id='line_1_1' title="bbox 354 133 1195 302; baseline 0 -39"><span class='ocrx_word' id='word_1_1' title='bbox 354 133 544 302; x_wconf 64' lang='lat' dir='ltr'><strong>,manga</strong></span> <span class='ocrx_word' id='word_1_2' title='bbox 573 185 624 258; x_wconf 92' lang='lat' dir='ltr'><strong>n.</strong></span> <span class='ocrx_word' id='word_1_3' title='bbox 663 181 757 256; x_wconf 85' lang='lat' dir='ltr'><strong>eor.</strong></span> <span class='ocrx_word' id='word_1_4' title='bbox 787 181 883 258; x_wconf 83' lang='lat' dir='ltr'><strong>uoe.</strong></span> <span class='ocrx_word' id='word_1_5' title='bbox 1039 244 1062 252; x_wconf 25' lang='lat' dir='ltr'><strong>,f</strong></span> <span class='ocrx_word' id='word_1_6' title='bbox 1121 155 1195 263; x_wconf 78' lang='lat' dir='ltr'><strong>rar</strong></span> 
     </span>
    </p>
   </div>
   <div class='ocr_carea' id='block_1_2' title="bbox 84 345 1197 548">
    <p class='ocr_par' dir='ltr' id='par_1_2' title="bbox 84 345 1197 548">
     <span class='ocr_line' id='line_1_2' title="bbox 87 345 1197 464; baseline -0.001 -22"><span class='ocrx_word' id='word_1_7' title='bbox 87 373 237 464; x_wconf 75' lang='lat' dir='ltr'><strong>Nauplius,</strong></span> <span class='ocrx_word' id='word_1_8' title='bbox 267 374 356 464; x_wconf 84' lang='lat' dir='ltr'><strong>cujus</strong></span> <span class='ocrx_word' id='word_1_9' title='bbox 377 373 458 440; x_wconf 88' lang='lat' dir='ltr'><strong>tilius</strong></span> <span class='ocrx_word' id='word_1_10' title='bbox 480 363 688 448; x_wconf 80' lang='lat' dir='ltr'>Palamedes,</span> <span class='ocrx_word' id='word_1_11' title='bbox 716 345 849 458; x_wconf 83' lang='lat' dir='ltr'><strong>septimo</strong></span> <span class='ocrx_word' id='word_1_12' title='bbox 869 368 973 457; x_wconf 87' lang='lat' dir='ltr'><strong>gradu</strong></span> <span class='ocrx_word' id='word_1_13' title='bbox 995 395 1013 436; x_wconf 93' lang='lat' dir='ltr'><strong>a</strong></span> <span class='ocrx_word' id='word_1_14' title='bbox 1035 371 1114 440; x_wconf 90' lang='lat' dir='ltr'><strong>Belo</strong></span> <span class='ocrx_word' id='word_1_15' title='bbox 1133 375 1197 441; x_wconf 54' lang='lat' dir='ltr'><strong>oria</strong></span> 
     </span>
     <span class='ocr_line' id='line_1_3' title="bbox 84 456 1194 548; baseline 0.001 -22"><span class='ocrx_word' id='word_1_16' title='bbox 84 463 174 548; x_wconf 88' lang='lat' dir='ltr'><strong>ginem</strong></span> <span class='ocrx_word' id='word_1_17' title='bbox 193 461 331 544; x_wconf 76' lang='lat' dir='ltr'><strong>ducens,</strong></span> <span class='ocrx_word' id='word_1_18' title='bbox 361 483 458 548; x_wconf 86' lang='lat' dir='ltr'><strong>quum</strong></span> <span class='ocrx_word' id='word_1_19' title='bbox 487 457 644 524; x_wconf 90' lang='lat' dir='ltr'><strong>delectum</strong></span> <span class='ocrx_word' id='word_1_20' title='bbox 666 477 724 544; x_wconf 91' lang='lat' dir='ltr'><strong>per</strong></span> <span class='ocrx_word' id='word_1_21' title='bbox 747 456 916 522; x_wconf 79' lang='lat' dir='ltr'><strong>Graeciam</strong></span> <span class='ocrx_word' id='word_1_22' title='bbox 938 471 1068 543; x_wconf 81' lang='lat' dir='ltr'><strong>ageret,</strong></span> <span class='ocrx_word' id='word_1_23' title='bbox 1099 460 1194 527; x_wconf 87' lang='lat' dir='ltr'><strong>simu·</strong></span> 
     </span>
    </p>
   </div>
   <div class='ocr_carea' id='block_1_3' title="bbox 74 541 1301 720">
    <p class='ocr_par' dir='ltr' id='par_1_3' title="bbox 74 541 1301 720">
     <span class='ocr_line' id='line_1_4' title="bbox 80 541 1301 626; baseline 0.001 -17"><span class='ocrx_word' id='word_1_24' title='bbox 80 547 174 613; x_wconf 85' lang='lat' dir='ltr'><strong>lantern</strong></span> <span class='ocrx_word' id='word_1_25' title='bbox 211 546 364 612; x_wconf 89' lang='lat' dir='ltr'><strong>insaniam</strong></span> <span class='ocrx_word' id='word_1_26' title='bbox 400 545 525 612; x_wconf 82' lang='lat' dir='ltr'><strong>Ulixem</strong></span> <span class='ocrx_word' id='word_1_27' title='bbox 563 541 654 608; x_wconf 86' lang='lat' dir='ltr'><strong>duxit</strong></span> <span class='ocrx_word' id='word_1_28' title='bbox 686 541 821 608; x_wconf 88' lang='lat' dir='ltr'><strong>invitum.</strong></span> <span class='ocrx_word' id='word_1_29' title='bbox 881 542 988 617; x_wconf 87' lang='lat' dir='ltr'><strong>Quum</strong></span> <span class='ocrx_word' id='word_1_30' title='bbox 1022 546 1102 610; x_wconf 86' lang='lat' dir='ltr'><strong>enirn</strong></span> <span class='ocrx_word' id='word_1_31' title='bbox 1134 547 1195 626; x_wconf 88' lang='lat' dir='ltr'><strong>ille,</strong></span> <span class='ocrx_word' id='word_1_32' title='bbox 1298 552 1301 561; x_wconf 81' lang='lat'><em>&#39;</em></span> 
     </span>
     <span class='ocr_line' id='line_1_5' title="bbox 74 622 1193 720; baseline 0.002 -24"><span class='ocrx_word' id='word_1_33' title='bbox 74 632 173 720; x_wconf 85' lang='lat' dir='ltr'><strong>junctis</strong></span> <span class='ocrx_word' id='word_1_34' title='bbox 209 631 363 697; x_wconf 85' lang='lat' dir='ltr'><strong>dissimilis</strong></span> <span class='ocrx_word' id='word_1_35' title='bbox 392 643 525 697; x_wconf 70' lang='lat' dir='ltr'><strong>&#39;naturae</strong></span> <span class='ocrx_word' id='word_1_36' title='bbox 559 625 757 701; x_wconf 73' lang='lat' dir='ltr'><strong>animalibus,</strong></span> <span class='ocrx_word' id='word_1_37' title='bbox 793 622 891 696; x_wconf 88' lang='lat' dir='ltr'><strong>salem</strong></span> <span class='ocrx_word' id='word_1_38' title='bbox 922 643 1062 710; x_wconf 81' lang='lat' dir='ltr'>sereret,</span> <span class='ocrx_word' id='word_1_39' title='bbox 1097 631 1193 699; x_wconf 89' lang='lat' dir='ltr'><strong>filium</strong></span> 
     </span>
    </p>
   </div>
   <div class='ocr_carea' id='block_1_4' title="bbox 69 697 1216 1038">
    <p class='ocr_par' dir='ltr' id='par_1_4' title="bbox 69 697 1216 1038">
     <span class='ocr_line' id='line_1_6' title="bbox 77 697 1216 804; baseline 0.003 -23"><span class='ocrx_word' id='word_1_40' title='bbox 77 719 100 782; x_wconf 91' lang='lat' dir='ltr'><strong>ei</strong></span> <span class='ocrx_word' id='word_1_41' title='bbox 116 717 300 783; x_wconf 80' lang='lat' dir='ltr'><strong>Palamedes</strong></span> <span class='ocrx_word' id='word_1_42' title='bbox 323 697 477 802; x_wconf 76' lang='lat' dir='ltr'><strong>oppiosuit</strong></span> <span class='ocrx_word' id='word_1_43' title='bbox 522 715 595 789; x_wconf 83' lang='lat' dir='ltr'><strong>Quo</strong></span> <span class='ocrx_word' id='word_1_44' title='bbox 625 713 710 791; x_wconf 90' lang='lat' dir='ltr'><strong>viso,</strong></span> <span class='ocrx_word' id='word_1_45' title='bbox 742 710 848 777; x_wconf 86' lang='lat' dir='ltr'><strong>Ulixes</strong></span> <span class='ocrx_word' id='word_1_46' title='bbox 878 725 983 779; x_wconf 88' lang='lat' dir='ltr'><strong>aratra</strong></span> <span class='ocrx_word' id='word_1_47' title='bbox 1012 717 1216 804; x_wconf 76' lang='lat' dir='ltr'><strong>suspendit35</strong></span> 
     </span>
     <span class='ocr_line' id='line_1_7' title="bbox 69 796 1195 886; baseline 0.004 -18"><span class='ocrx_word' id='word_1_48' title='bbox 69 815 102 868; x_wconf 77' lang='lat' dir='ltr'><strong>&#39;et</strong></span> <span class='ocrx_word' id='word_1_49' title='bbox 117 803 152 868; x_wconf 91' lang='lat' dir='ltr'><strong>ad</strong></span> <span class='ocrx_word' id='word_1_50' title='bbox 175 803 292 881; x_wconf 82' lang='lat' dir='ltr'><strong>bellum</strong></span> <span class='ocrx_word' id='word_1_51' title='bbox 316 800 448 882; x_wconf 76' lang='lat' dir='ltr'><strong>ductus,</strong></span> <span class='ocrx_word' id='word_1_52' title='bbox 477 801 588 868; x_wconf 88' lang='lat' dir='ltr'><strong>babuit</strong></span> <span class='ocrx_word' id='word_1_53' title='bbox 608 797 728 886; x_wconf 90' lang='lat' dir='ltr'><strong>justam</strong></span> <span class='ocrx_word' id='word_1_54' title='bbox 754 819 881 864; x_wconf 88' lang='lat' dir='ltr'><strong>causam</strong></span> <span class='ocrx_word' id='word_1_55' title='bbox 904 796 1031 868; x_wconf 88' lang='lat' dir='ltr'><strong>doloris.</strong></span> <span class='ocrx_word' id='word_1_56' title='bbox 1076 803 1195 885; x_wconf 80' lang='lat' dir='ltr'><strong>Postea</strong></span> 
     </span>
     <span class='ocr_line' id='line_1_8' title="bbox 74 881 1195 1038; baseline -0.008 -87"><span class='ocrx_word' id='word_1_57' title='bbox 74 911 154 1038; x_wconf 78' lang='lat' dir='ltr'><strong>pum</strong></span> <span class='ocrx_word' id='word_1_58' title='bbox 187 881 314 962; x_wconf 75' lang='lat' dir='ltr'><strong>Ulixes,</strong></span> <span class='ocrx_word' id='word_1_59' title='bbox 352 889 576 956; x_wconf 75' lang='lat' dir='ltr'><strong>frumentatum</strong></span> <span class='ocrx_word' id='word_1_60' title='bbox 604 885 718 950; x_wconf 84' lang='lat' dir='ltr'><strong>missus</strong></span> <span class='ocrx_word' id='word_1_61' title='bbox 747 883 789 948; x_wconf 93' lang='lat' dir='ltr'><strong>ad</strong></span> <span class='ocrx_word' id='word_1_62' title='bbox 809 882 1000 965; x_wconf 77' lang='lat' dir='ltr'><strong>Thraciam,</strong></span> <span class='ocrx_word' id='word_1_63' title='bbox 1036 887 1109 958; x_wconf 70' lang='lat' dir='ltr'><strong>m‘hit</strong></span> <span class='ocrx_word' id='word_1_64' title='bbox 1138 890 1195 955; x_wconf 71' lang='lat' dir='ltr'><strong>ad.</strong></span> 
     </span>
    </p>
   </div>
   <div class='ocr_carea' id='block_1_5' title="bbox 93 960 1256 1070">
    <p class='ocr_par' dir='ltr' id='par_1_5' title="bbox 93 960 1256 1070">
     <span class='ocr_line' id='line_1_9' title="bbox 93 960 1256 1070; baseline 0.003 -32"><span class='ocrx_word' id='word_1_65' title='bbox 93 975 217 1054; x_wconf 86' lang='lat' dir='ltr'><strong>nuisset,</strong></span> <span class='ocrx_word' id='word_1_66' title='bbox 250 991 277 1036; x_wconf 57' lang='lat' dir='ltr'><strong>a*</strong></span> <span class='ocrx_word' id='word_1_67' title='bbox 297 960 472 1038; x_wconf 83' lang='lat' dir='ltr'><strong>Palamede</strong></span> <span class='ocrx_word' id='word_1_68' title='bbox 499 984 549 1039; x_wconf 86' lang='lat' dir='ltr'><strong>est</strong></span> <span class='ocrx_word' id='word_1_69' title='bbox 577 969 781 1036; x_wconf 87' lang='lat' dir='ltr'><strong>vehementer</strong></span> <span class='ocrx_word' id='word_1_70' title='bbox 801 968 991 1056; x_wconf 82' lang='lat' dir='ltr'><strong>increpatus.</strong></span> <span class='ocrx_word' id='word_1_71' title='bbox 1033 972 1194 1070; x_wconf 26' lang='lat' dir='ltr'><strong>Etnquum</strong></span> <span class='ocrx_word' id='word_1_72' title='bbox 1254 993 1256 998; x_wconf 81' lang='grc'>’</span> 
     </span>
    </p>
   </div>
   <div class='ocr_carea' id='block_1_6' title="bbox 55 1054 1237 2256">
    <p class='ocr_par' dir='ltr' id='par_1_6' title="bbox 73 1054 1237 1301">
     <span class='ocr_line' id='line_1_10' title="bbox 73 1054 1194 1144; baseline 0 -20"><span class='ocrx_word' id='word_1_73' title='bbox 73 1061 198 1138; x_wconf 90' lang='lat' dir='ltr'><strong>diceret,</strong></span> <span class='ocrx_word' id='word_1_74' title='bbox 230 1055 314 1122; x_wconf 81' lang='lat' dir='ltr'><strong>odeo</strong></span> <span class='ocrx_word' id='word_1_75' title='bbox 346 1081 412 1122; x_wconf 88' lang='lat' dir='ltr'><strong>non</strong></span> <span class='ocrx_word' id='word_1_76' title='bbox 446 1080 518 1125; x_wconf 83' lang='lat' dir='ltr'><strong>esse</strong></span> <span class='ocrx_word' id='word_1_77' title='bbox 547 1054 807 1142; x_wconf 83' lang='lat' dir='ltr'><strong>neglegentiam</strong></span> <span class='ocrx_word' id='word_1_78' title='bbox 836 1077 951 1133; x_wconf 82' lang='lat' dir='ltr'><strong>snam,</strong></span> <span class='ocrx_word' id='word_1_79' title='bbox 985 1077 1046 1120; x_wconf 86' lang='lat' dir='ltr'><strong>nec</strong></span> <span class='ocrx_word' id='word_1_80' title='bbox 1078 1081 1194 1144; x_wconf 74' lang='lat' dir='ltr'><strong>sponna</strong></span> 
     </span>
     <span class='ocr_line' id='line_1_11' title="bbox 90 1137 1237 1228; baseline -0.003 -21"><span class='ocrx_word' id='word_1_81' title='bbox 90 1145 224 1221; x_wconf 79' lang='lat' dir='ltr'><strong>cidem,</strong></span> <span class='ocrx_word' id='word_1_82' title='bbox 237 1142 268 1206; x_wconf 73' lang='grc' dir='ltr'><strong>εἰ</strong></span> <span class='ocrx_word' id='word_1_83' title='bbox 285 1151 463 1228; x_wconf 77' lang='lat' dir='ltr'><strong>pergeret,</strong></span> <span class='ocrx_word' id='word_1_84' title='bbox 488 1140 673 1228; x_wconf 80' lang='lat' dir='ltr'><strong>quicquam</strong></span> <span class='ocrx_word' id='word_1_85' title='bbox 694 1137 860 1204; x_wconf 71' lang='lat' dir='ltr'><strong>advehere</strong></span> <span class='ocrx_word' id='word_1_86' title='bbox 878 1161 978 1224; x_wconf 83' lang='lat' dir='ltr'><strong>posse</strong></span> <span class='ocrx_word' id='word_1_87' title='bbox 985 1163 997 1217; x_wconf 83' lang='lat'><em>3</em></span> <span class='ocrx_word' id='word_1_88' title='bbox 1028 1145 1190 1228; x_wconf 82' lang='lat' dir='ltr'><strong>profectus</strong></span> <span class='ocrx_word' id='word_1_89' title='bbox 1200 1155 1237 1216; x_wconf 69' lang='lat' dir='ltr'><strong>1‚o</strong></span> 
     </span>
     <span class='ocr_line' id='line_1_12' title="bbox 73 1168 1193 1301; baseline 0.002 -9"><span class='ocrx_word' id='word_1_90' title='bbox 73 1168 248 1294; x_wconf 76' lang='lat' dir='ltr'><strong>Palamedes</strong></span> <span class='ocrx_word' id='word_1_91' title='bbox 276 1227 396 1294; x_wconf 88' lang='lat' dir='ltr'><strong>infinita</strong></span> <span class='ocrx_word' id='word_1_92' title='bbox 423 1227 582 1293; x_wconf 86' lang='lat' dir='ltr'><strong>frumenta</strong></span> <span class='ocrx_word' id='word_1_93' title='bbox 601 1223 742 1301; x_wconf 75' lang='lat' dir='ltr'><strong>advexit.</strong></span> <span class='ocrx_word' id='word_1_94' title='bbox 785 1224 859 1299; x_wconf 84' lang='lat' dir='ltr'><strong>Qua</strong></span> <span class='ocrx_word' id='word_1_95' title='bbox 879 1223 993 1290; x_wconf 90' lang='lat' dir='ltr'><strong>invidia</strong></span> <span class='ocrx_word' id='word_1_96' title='bbox 1014 1227 1114 1294; x_wconf 88' lang='lat' dir='ltr'><strong>auctis</strong></span> <span class='ocrx_word' id='word_1_97' title='bbox 1135 1229 1193 1294; x_wconf 92' lang='lat' dir='ltr'><strong>ini-</strong></span> 
     </span>
    </p>

    <p class='ocr_par' dir='ltr' id='par_1_7' title="bbox 55 1307 1234 2256">
     <span class='ocr_line' id='line_1_13' title="bbox 55 1307 1193 1401; baseline 0.005 -24"><span class='ocrx_word' id='word_1_98' title='bbox 55 1353 58 1362; x_wconf 93' lang='lat'>·</span> <span class='ocrx_word' id='word_1_99' title='bbox 79 1315 196 1394; x_wconf 86' lang='lat' dir='ltr'><strong>nicitiis,</strong></span> <span class='ocrx_word' id='word_1_100' title='bbox 217 1313 323 1392; x_wconf 80' lang='lat' dir='ltr'><strong>fictam</strong></span> <span class='ocrx_word' id='word_1_101' title='bbox 340 1313 504 1401; x_wconf 89' lang='lat' dir='ltr'><strong>epistolam</strong></span> <span class='ocrx_word' id='word_1_102' title='bbox 520 1309 638 1376; x_wconf 88' lang='lat' dir='ltr'><strong>Priami</strong></span> <span class='ocrx_word' id='word_1_103' title='bbox 659 1309 784 1375; x_wconf 91' lang='lat' dir='ltr'><strong>nomine</strong></span> <span class='ocrx_word' id='word_1_104' title='bbox 797 1307 840 1375; x_wconf 76' lang='lat' dir='ltr'><strong>&#39;ad</strong></span> <span class='ocrx_word' id='word_1_105' title='bbox 852 1309 1056 1376; x_wconf 88' lang='lat' dir='ltr'><strong>Palamedem</strong></span> <span class='ocrx_word' id='word_1_106' title='bbox 1068 1313 1193 1394; x_wconf 83' lang='lat' dir='ltr'><strong>direxit,</strong></span> 
     </span>
     <span class='ocr_line' id='line_1_14' title="bbox 80 1393 1193 1488; baseline 0.002 -26"><span class='ocrx_word' id='word_1_107' title='bbox 80 1421 230 1488; x_wconf 83' lang='lat' dir='ltr'><strong>perquam</strong></span> <span class='ocrx_word' id='word_1_108' title='bbox 254 1399 374 1484; x_wconf 84' lang='lat' dir='ltr'><strong>agebat</strong></span> <span class='ocrx_word' id='word_1_109' title='bbox 394 1397 517 1485; x_wconf 84' lang='lat' dir='ltr'><strong>gratias</strong></span> <span class='ocrx_word' id='word_1_110' title='bbox 540 1393 740 1485; x_wconf 85' lang='lat' dir='ltr'><strong>proditionis,</strong></span> <span class='ocrx_word' id='word_1_111' title='bbox 773 1407 805 1463; x_wconf 90' lang='lat' dir='ltr'><strong>et</strong></span> <span class='ocrx_word' id='word_1_112' title='bbox 824 1399 1110 1478; x_wconf 87' lang='lat' dir='ltr'><strong>commemorabat,</strong></span> <span class='ocrx_word' id='word_1_113' title='bbox 1141 1423 1193 1466; x_wconf 86' lang='lat' dir='ltr'><strong>se-</strong></span> 
     </span>
     <span class='ocr_line' id='line_1_15' title="bbox 82 1479 1192 1572; baseline 0.005 -26"><span class='ocrx_word' id='word_1_114' title='bbox 82 1497 179 1552; x_wconf 87' lang='lat' dir='ltr'><strong>cretum</strong></span> <span class='ocrx_word' id='word_1_115' title='bbox 209 1485 278 1550; x_wconf 88' lang='lat' dir='ltr'><strong>auri</strong></span> <span class='ocrx_word' id='word_1_116' title='bbox 307 1483 432 1570; x_wconf 87' lang='lat' dir='ltr'><strong>pondus</strong></span> <span class='ocrx_word' id='word_1_117' title='bbox 462 1505 534 1564; x_wconf 87' lang='lat' dir='ltr'><strong>esse</strong></span> <span class='ocrx_word' id='word_1_118' title='bbox 559 1481 799 1560; x_wconf 80' lang='lat' dir='ltr'><strong>transmissum,</strong></span> <span class='ocrx_word' id='word_1_119' title='bbox 826 1481 913 1568; x_wconf 81' lang='lat' dir='ltr'><strong>quod</strong></span> <span class='ocrx_word' id='word_1_120' title='bbox 951 1479 1040 1550; x_wconf 88' lang='lat' dir='ltr'><strong>dedit</strong></span> <span class='ocrx_word' id='word_1_121' title='bbox 1068 1485 1192 1572; x_wconf 87' lang='lat' dir='ltr'><strong>captivo</strong></span> 
     </span>
     <span class='ocr_line' id='line_1_16' title="bbox 79 1563 1234 1660; baseline 0.003 -26"><span class='ocrx_word' id='word_1_122' title='bbox 79 1568 217 1660; x_wconf 74' lang='lat' dir='ltr'><strong>Trojano,</strong></span> <span class='ocrx_word' id='word_1_123' title='bbox 239 1580 272 1636; x_wconf 91' lang='lat' dir='ltr'><strong>et</strong></span> <span class='ocrx_word' id='word_1_124' title='bbox 292 1591 364 1634; x_wconf 89' lang='lat' dir='ltr'><strong>eum</strong></span> <span class='ocrx_word' id='word_1_125' title='bbox 386 1570 418 1636; x_wconf 92' lang='lat' dir='ltr'><strong>in</strong></span> <span class='ocrx_word' id='word_1_126' title='bbox 439 1569 551 1635; x_wconf 79' lang='lat' dir='ltr'><strong>itinere</strong></span> <span class='ocrx_word' id='word_1_127' title='bbox 572 1563 648 1634; x_wconf 80' lang='lat' dir='ltr'><strong>fecit</strong></span> <span class='ocrx_word' id='word_1_128' title='bbox 668 1565 780 1632; x_wconf 90' lang='lat' dir='ltr'><strong>occidi.</strong></span> <span class='ocrx_word' id='word_1_129' title='bbox 819 1566 914 1632; x_wconf 89' lang='lat' dir='ltr'><strong>Haec</strong></span> <span class='ocrx_word' id='word_1_130' title='bbox 935 1565 1078 1652; x_wconf 89' lang='lat' dir='ltr'><strong>inventa,</strong></span> <span class='ocrx_word' id='word_1_131' title='bbox 1103 1577 1234 1638; x_wconf 78' lang='lat' dir='ltr'><strong>morel5</strong></span> 
     </span>
     <span class='ocr_line' id='line_1_17' title="bbox 77 1650 1192 1742; baseline 0.003 -23"><span class='ocrx_word' id='word_1_132' title='bbox 77 1655 179 1723; x_wconf 86' lang='lat' dir='ltr'><strong>militiae</strong></span> <span class='ocrx_word' id='word_1_133' title='bbox 199 1655 271 1742; x_wconf 81' lang='lat' dir='ltr'><strong>regi</strong></span> <span class='ocrx_word' id='word_1_134' title='bbox 292 1654 397 1721; x_wconf 87' lang='lat' dir='ltr'><strong>oblata</strong></span> <span class='ocrx_word' id='word_1_135' title='bbox 417 1666 481 1734; x_wconf 89' lang='lat' dir='ltr'><strong>est,</strong></span> <span class='ocrx_word' id='word_1_136' title='bbox 504 1666 537 1722; x_wconf 88' lang='lat' dir='ltr'><strong>et</strong></span> <span class='ocrx_word' id='word_1_137' title='bbox 555 1651 638 1718; x_wconf 89' lang='lat' dir='ltr'><strong>lecta</strong></span> <span class='ocrx_word' id='word_1_138' title='bbox 660 1650 851 1740; x_wconf 89' lang='lat' dir='ltr'><strong>principibus</strong></span> <span class='ocrx_word' id='word_1_139' title='bbox 874 1655 1064 1722; x_wconf 86' lang='lat' dir='ltr'><strong>convocatis.</strong></span> <span class='ocrx_word' id='word_1_140' title='bbox 1095 1657 1192 1723; x_wconf 84' lang='lat' dir='ltr'><strong>&#39;Pana</strong></span> 
     </span>
     <span class='ocr_line' id='line_1_18' title="bbox 76 1736 1192 1828; baseline 0.002 -23"><span class='ocrx_word' id='word_1_141' title='bbox 76 1738 158 1817; x_wconf 79' lang='lat' dir='ltr'><strong>Ulixes</strong></span> <span class='ocrx_word' id='word_1_142' title='bbox 174 1762 337 1828; x_wconf 76' lang='lat' dir='ltr'><strong>‘quumse</strong></span> <span class='ocrx_word' id='word_1_143' title='bbox 357 1737 520 1806; x_wconf 87' lang='lat' dir='ltr'><strong>Palamedi</strong></span> <span class='ocrx_word' id='word_1_144' title='bbox 549 1736 774 1815; x_wconf 75' lang='lat' dir='ltr'><strong>dissimularet,</strong></span> <span class='ocrx_word' id='word_1_145' title='bbox 810 1736 870 1805; x_wconf 89' lang='lat' dir='ltr'><strong>ait:</strong></span> <span class='ocrx_word' id='word_1_146' title='bbox 905 1739 946 1817; x_wconf 82' lang='lat' dir='ltr'><strong>Si</strong></span> <span class='ocrx_word' id='word_1_147' title='bbox 972 1763 1091 1812; x_wconf 72' lang='lat' dir='ltr'><strong>cerrum</strong></span> <span class='ocrx_word' id='word_1_148' title='bbox 1119 1766 1192 1808; x_wconf 81' lang='lat' dir='ltr'><strong>ease</strong></span> 
     </span>
     <span class='ocr_line' id='line_1_19' title="bbox 72 1823 1190 1911; baseline 0.005 -25"><span class='ocrx_word' id='word_1_149' title='bbox 72 1848 120 1889; x_wconf 90' lang='lat' dir='ltr'><strong>non</strong></span> <span class='ocrx_word' id='word_1_150' title='bbox 147 1825 311 1900; x_wconf 85' lang='lat' dir='ltr'><strong>creditis,</strong></span> <span class='ocrx_word' id='word_1_151' title='bbox 348 1824 387 1889; x_wconf 85' lang='lat' dir='ltr'><strong>in</strong></span> <span class='ocrx_word' id='word_1_152' title='bbox 419 1823 568 1891; x_wconf 83' lang='lat' dir='ltr'><strong>tentorio</strong></span> <span class='ocrx_word' id='word_1_153' title='bbox 600 1825 674 1909; x_wconf 78' lang='lat' dir='ltr'><strong>ejus</strong></span> <span class='ocrx_word' id='word_1_154' title='bbox 701 1845 829 1888; x_wconf 80' lang='lat' dir='ltr'><strong>crurum</strong></span> <span class='ocrx_word' id='word_1_155' title='bbox 857 1835 1060 1911; x_wconf 77' lang='lat' dir='ltr'><strong>quaeratur.</strong></span> <span class='ocrx_word' id='word_1_156' title='bbox 1115 1825 1190 1903; x_wconf 84' lang='lat' dir='ltr'><strong>Quo</strong></span> 
     </span>
     <span class='ocr_line' id='line_1_20' title="bbox 72 1909 1190 2000; baseline 0.008 -29"><span class='ocrx_word' id='word_1_157' title='bbox 72 1909 156 1992; x_wconf 88' lang='lat' dir='ltr'><strong>lacto,</strong></span> <span class='ocrx_word' id='word_1_158' title='bbox 196 1911 386 1998; x_wconf 89' lang='lat' dir='ltr'><strong>inventoque</strong></span> <span class='ocrx_word' id='word_1_159' title='bbox 417 1932 515 1990; x_wconf 89' lang='lat' dir='ltr'><strong>auro,</strong></span> <span class='ocrx_word' id='word_1_160' title='bbox 554 1909 640 1996; x_wconf 87' lang='lat' dir='ltr'><strong>quod</strong></span> <span class='ocrx_word' id='word_1_161' title='bbox 669 1909 738 1995; x_wconf 90' lang='lat' dir='ltr'><strong>ipse</strong></span> <span class='ocrx_word' id='word_1_162' title='bbox 766 1929 823 1994; x_wconf 87' lang='lat' dir='ltr'><strong>per</strong></span> <span class='ocrx_word' id='word_1_163' title='bbox 853 1921 995 1988; x_wconf 89' lang='lat' dir='ltr'><strong>noctem,</strong></span> <span class='ocrx_word' id='word_1_164' title='bbox 1034 1915 1190 2000; x_wconf 89' lang='lat' dir='ltr'><strong>corruptis</strong></span> 
     </span>
     <span class='ocr_line' id='line_1_21' title="bbox 70 1992 1234 2083; baseline 0.004 -23"><span class='ocrx_word' id='word_1_165' title='bbox 70 1999 167 2078; x_wconf 82' lang='lat' dir='ltr'><strong>serris,</strong></span> <span class='ocrx_word' id='word_1_166' title='bbox 190 1996 418 2072; x_wconf 85' lang='lat' dir='ltr'><strong>absconderat,</strong></span> <span class='ocrx_word' id='word_1_167' title='bbox 433 1992 627 2063; x_wconf 76' lang='lat' dir='ltr'><strong>&#39;Palamedes</strong></span> <span class='ocrx_word' id='word_1_168' title='bbox 641 1992 796 2083; x_wconf 80' lang='lat' dir='ltr'><strong>lapidibus</strong></span> <span class='ocrx_word' id='word_1_169' title='bbox 810 1995 994 2060; x_wconf 87' lang='lat' dir='ltr'><strong>interemtus</strong></span> <span class='ocrx_word' id='word_1_170' title='bbox 1007 2009 1064 2062; x_wconf 89' lang='lat' dir='ltr'><strong>est.</strong></span> <span class='ocrx_word' id='word_1_171' title='bbox 1092 1999 1234 2068; x_wconf 80' lang='lat' dir='ltr'><strong>Huncao</strong></span> 
     </span>
     <span class='ocr_line' id='line_1_22' title="bbox 69 2079 1191 2170; baseline 0.004 -24"><span class='ocrx_word' id='word_1_172' title='bbox 69 2093 157 2148; x_wconf 87' lang='lat' dir='ltr'><strong>autem</strong></span> <span class='ocrx_word' id='word_1_173' title='bbox 181 2094 306 2150; x_wconf 89' lang='lat' dir='ltr'><strong>constat</strong></span> <span class='ocrx_word' id='word_1_174' title='bbox 325 2082 428 2155; x_wconf 73' lang='lat' dir='ltr'><strong>¹luisse</strong></span> <span class='ocrx_word' id='word_1_175' title='bbox 444 2079 640 2170; x_wconf 86' lang='lat' dir='ltr'><strong>prudentem.</strong></span> <span class='ocrx_word' id='word_1_176' title='bbox 683 2079 766 2144; x_wconf 90' lang='lat' dir='ltr'><strong>Nam</strong></span> <span class='ocrx_word' id='word_1_177' title='bbox 796 2092 829 2144; x_wconf 87' lang='lat' dir='ltr'><strong>et</strong></span> <span class='ocrx_word' id='word_1_178' title='bbox 852 2079 990 2145; x_wconf 88' lang='lat' dir='ltr'><strong>tabulam</strong></span> <span class='ocrx_word' id='word_1_179' title='bbox 1010 2079 1127 2149; x_wconf 85' lang='lat' dir='ltr'><strong>inuenit</strong></span> <span class='ocrx_word' id='word_1_180' title='bbox 1149 2085 1191 2150; x_wconf 87' lang='lat' dir='ltr'><strong>ad</strong></span> 
     </span>
     <span class='ocr_line' id='line_1_23' title="bbox 69 2163 1191 2256; baseline 0.004 -26"><span class='ocrx_word' id='word_1_181' title='bbox 69 2168 308 2256; x_wconf 85' lang='lat' dir='ltr'><strong>comprimendas</strong></span> <span class='ocrx_word' id='word_1_182' title='bbox 338 2168 430 2234; x_wconf 91' lang='lat' dir='ltr'><strong>otiosi</strong></span> <span class='ocrx_word' id='word_1_183' title='bbox 457 2165 628 2234; x_wconf 86' lang='lat' dir='ltr'><strong>seditiones</strong></span> <span class='ocrx_word' id='word_1_184' title='bbox 655 2163 828 2241; x_wconf 85' lang='lat' dir='ltr'><strong>exercitus,</strong></span> <span class='ocrx_word' id='word_1_185' title='bbox 862 2175 897 2228; x_wconf 89' lang='lat' dir='ltr'><strong>ut</strong></span> <span class='ocrx_word' id='word_1_186' title='bbox 923 2164 1026 2229; x_wconf 86' lang='lat' dir='ltr'><strong>Varro</strong></span> <span class='ocrx_word' id='word_1_187' title='bbox 1045 2178 1191 2235; x_wconf 86' lang='lat' dir='ltr'><strong>testatur.</strong></span> 
     </span>
    </p>
   </div>
   <div class='ocr_carea' id='block_1_7' title="bbox 71 2247 1312 2348">
    <p class='ocr_par' dir='ltr' id='par_1_8' title="bbox 71 2247 1312 2348">
     <span class='ocr_line' id='line_1_24' title="bbox 71 2247 1312 2348; baseline 0.005 -32"><span class='ocrx_word' id='word_1_188' title='bbox 71 2252 248 2320; x_wconf 50' lang='lat' dir='ltr'><strong>Secundum*</strong></span> <span class='ocrx_word' id='word_1_189' title='bbox 269 2252 425 2340; x_wconf 88' lang='lat' dir='ltr'><strong>quosdam</strong></span> <span class='ocrx_word' id='word_1_190' title='bbox 452 2253 523 2340; x_wconf 91' lang='lat' dir='ltr'><strong>ipse</strong></span> <span class='ocrx_word' id='word_1_191' title='bbox 540 2249 681 2338; x_wconf 90' lang='lat' dir='ltr'><strong>repperit</strong></span> <span class='ocrx_word' id='word_1_192' title='bbox 700 2247 819 2314; x_wconf 88' lang='lat' dir='ltr'><strong>litteras</strong></span> <span class='ocrx_word' id='word_1_193' title='bbox 827 2271 849 2348; x_wconf 36' lang='grc' dir='ltr'><strong>,χ</strong></span> <span class='ocrx_word' id='word_1_194' title='bbox 868 2269 950 2335; x_wconf 89' lang='lat' dir='ltr'><strong>quae</strong></span> <span class='ocrx_word' id='word_1_195' title='bbox 971 2271 1022 2315; x_wconf 89' lang='lat' dir='ltr'><strong>res</strong></span> <span class='ocrx_word' id='word_1_196' title='bbox 1045 2251 1129 2319; x_wconf 85' lang='lat' dir='ltr'><strong>forte</strong></span> <span class='ocrx_word' id='word_1_197' title='bbox 1151 2255 1192 2321; x_wconf 89' lang='lat' dir='ltr'><strong>sit</strong></span> <span class='ocrx_word' id='word_1_198' title='bbox 1307 2323 1312 2332; x_wconf 74' lang='grc'><strong>,</strong></span> 
     </span>
    </p>
   </div>
   <div class='ocr_carea' id='block_1_8' title="bbox 68 2333 1192 2428">
    <p class='ocr_par' dir='ltr' id='par_1_9' title="bbox 68 2333 1192 2428">
     <span class='ocr_line' id='line_1_25' title="bbox 68 2333 1192 2428; baseline 0.002 -26"><span class='ocrx_word' id='word_1_199' title='bbox 68 2336 160 2406; x_wconf 90' lang='lat' dir='ltr'><strong>dubia.</strong></span> <span class='ocrx_word' id='word_1_200' title='bbox 202 2339 344 2407; x_wconf 81' lang='lat' dir='ltr'><strong>&#39;Pontum</strong></span> <span class='ocrx_word' id='word_1_201' title='bbox 360 2348 483 2426; x_wconf 90' lang='lat' dir='ltr'><strong>certum</strong></span> <span class='ocrx_word' id='word_1_202' title='bbox 503 2347 562 2420; x_wconf 88' lang='lat' dir='ltr'><strong>est,</strong></span> <span class='ocrx_word' id='word_1_203' title='bbox 583 2336 656 2428; x_wconf 80' lang='lat' dir='ltr'><strong>yab</strong></span> <span class='ocrx_word' id='word_1_204' title='bbox 678 2333 741 2408; x_wconf 83' lang='lat' dir='ltr'><strong>boc</strong></span> <span class='ocrx_word' id='word_1_205' title='bbox 758 2355 829 2420; x_wconf 77' lang='lat' dir='ltr'><strong>esse</strong></span> <span class='ocrx_word' id='word_1_206' title='bbox 841 2343 999 2400; x_wconf 77' lang='lat' dir='ltr'><strong>inventum</strong></span> <span class='ocrx_word' id='word_1_207' title='bbox 1015 2357 1087 2403; x_wconf 89' lang='lat' dir='ltr'><strong>curn</strong></span> <span class='ocrx_word' id='word_1_208' title='bbox 1107 2340 1192 2428; x_wconf 90' lang='lat' dir='ltr'><strong>aspi-</strong></span> 
     </span>
    </p>
   </div>
   <div class='ocr_carea' id='block_1_9' title="bbox 66 2425 941 2606">
    <p class='ocr_par' dir='ltr' id='par_1_10' title="bbox 66 2425 941 2606">
     <span class='ocr_line' id='line_1_26' title="bbox 66 2425 845 2498; baseline 0.015 -12"><span class='ocrx_word' id='word_1_209' title='bbox 66 2425 182 2492; x_wconf 88' lang='lat' dir='ltr'><strong>ratione.</strong></span> <span class='ocrx_word' id='word_1_210' title='bbox 485 2469 487 2479; x_wconf 68' lang='lat'><strong>.</strong></span> <span class='ocrx_word' id='word_1_211' title='bbox 721 2461 722 2469; x_wconf 46' lang='lat'>¹</span> <span class='ocrx_word' id='word_1_212' title='bbox 842 2491 845 2498; x_wconf 91' lang='lat'><strong>.</strong></span> 
     </span>
     <span class='ocr_line' id='line_1_27' title="bbox 404 2505 941 2606; baseline 0 -25"><span class='ocrx_word' id='word_1_213' title='bbox 404 2505 498 2582; x_wconf 78' lang='grc'><strong>201.</strong></span> <span class='ocrx_word' id='word_1_214' title='bbox 552 2505 828 2606; x_wconf 85' lang='lat' dir='ltr'><strong>Nauplius.</strong></span> <span class='ocrx_word' id='word_1_215' title='bbox 916 2512 941 2554; x_wconf 75' lang='grc'><strong>·’</strong></span> 
     </span>
    </p>
   </div>
   <div class='ocr_carea' id='block_1_10' title="bbox 62 2635 1230 3068">
    <p class='ocr_par' dir='ltr' id='par_1_11' title="bbox 62 2635 1230 3068">
     <span class='ocr_line' id='line_1_28' title="bbox 138 2635 1190 2726; baseline 0 -22"><span class='ocrx_word' id='word_1_216' title='bbox 138 2635 318 2704; x_wconf 87' lang='lat' dir='ltr'><strong>Palamedis</strong></span> <span class='ocrx_word' id='word_1_217' title='bbox 339 2647 445 2707; x_wconf 89' lang='lat' dir='ltr'><strong>autem</strong></span> <span class='ocrx_word' id='word_1_218' title='bbox 466 2645 557 2725; x_wconf 89' lang='lat' dir='ltr'><strong>pater</strong></span> <span class='ocrx_word' id='word_1_219' title='bbox 577 2635 748 2723; x_wconf 84' lang='lat' dir='ltr'><strong>Nauplius,</strong></span> <span class='ocrx_word' id='word_1_220' title='bbox 776 2643 967 2724; x_wconf 87' lang='lat' dir='ltr'><strong>Amymones</strong></span> <span class='ocrx_word' id='word_1_221' title='bbox 995 2647 1028 2702; x_wconf 92' lang='lat' dir='ltr'><strong>et</strong></span> <span class='ocrx_word' id='word_1_222' title='bbox 1048 2635 1190 2726; x_wconf 91' lang='lat' dir='ltr'><strong>Neptuni</strong></span> 
     </span>
     <span class='ocr_line' id='line_1_29' title="bbox 64 2720 1189 2810; baseline 0.004 -24"><span class='ocrx_word' id='word_1_223' title='bbox 64 2721 154 2802; x_wconf 89' lang='lat' dir='ltr'><strong>iilius,</strong></span> <span class='ocrx_word' id='word_1_224' title='bbox 183 2722 236 2790; x_wconf 90' lang='lat' dir='ltr'><strong>lilii</strong></span> <span class='ocrx_word' id='word_1_225' title='bbox 264 2735 367 2789; x_wconf 84' lang='lat' dir='ltr'><strong>morte</strong></span> <span class='ocrx_word' id='word_1_226' title='bbox 395 2720 521 2800; x_wconf 84' lang='lat' dir='ltr'><strong>dolens,</strong></span> <span class='ocrx_word' id='word_1_227' title='bbox 549 2721 778 2792; x_wconf 85' lang='lat' dir='ltr'><strong>revertentibus</strong></span> <span class='ocrx_word' id='word_1_228' title='bbox 800 2721 934 2787; x_wconf 85' lang='lat' dir='ltr'><strong>Graecis</strong></span> <span class='ocrx_word' id='word_1_229' title='bbox 957 2735 1032 2810; x_wconf 85' lang='lat' dir='ltr'><strong>post</strong></span> <span class='ocrx_word' id='word_1_230' title='bbox 1053 2723 1189 2791; x_wconf 92' lang='lat' dir='ltr'><strong>deletam</strong></span> 
     </span>
     <span class='ocr_line' id='line_1_30' title="bbox 63 2806 1188 2898; baseline 0.004 -28"><span class='ocrx_word' id='word_1_231' title='bbox 63 2807 184 2896; x_wconf 83' lang='lat' dir='ltr'><strong>&#39;Projam</strong></span> <span class='ocrx_word' id='word_1_232' title='bbox 206 2818 394 2898; x_wconf 84' lang='lat' dir='ltr'><strong>tempestate</strong></span> <span class='ocrx_word' id='word_1_233' title='bbox 414 2806 645 2883; x_wconf 87' lang='lat' dir='ltr'><strong>laborantibus,</strong></span> <span class='ocrx_word' id='word_1_234' title='bbox 677 2817 814 2872; x_wconf 89' lang='lat' dir='ltr'><strong>montem</strong></span> <span class='ocrx_word' id='word_1_235' title='bbox 845 2807 1048 2894; x_wconf 80' lang='lat' dir='ltr'><strong>Caphereum</strong></span> <span class='ocrx_word' id='word_1_236' title='bbox 1072 2832 1188 2876; x_wconf 90' lang='lat' dir='ltr'><strong>ascen-</strong></span> 
     </span>
     <span class='ocr_line' id='line_1_31' title="bbox 63 2886 1230 2983; baseline 0.005 -29"><span class='ocrx_word' id='word_1_237' title='bbox 63 2891 118 2971; x_wconf 93' lang='lat' dir='ltr'><strong>dit,</strong></span> <span class='ocrx_word' id='word_1_238' title='bbox 140 2904 171 2959; x_wconf 88' lang='lat' dir='ltr'><strong>et</strong></span> <span class='ocrx_word' id='word_1_239' title='bbox 192 2892 274 2960; x_wconf 86' lang='lat' dir='ltr'><strong>elata</strong></span> <span class='ocrx_word' id='word_1_240' title='bbox 296 2893 398 2960; x_wconf 88' lang='lat' dir='ltr'><strong>facula</strong></span> <span class='ocrx_word' id='word_1_241' title='bbox 419 2893 545 2978; x_wconf 85' lang='lat' dir='ltr'><strong>signum</strong></span> <span class='ocrx_word' id='word_1_242' title='bbox 570 2886 658 2955; x_wconf 89' lang='lat' dir='ltr'><strong>dedit</strong></span> <span class='ocrx_word' id='word_1_243' title='bbox 675 2889 765 2957; x_wconf 79' lang='lat' dir='ltr'><strong>uicini</strong></span> <span class='ocrx_word' id='word_1_244' title='bbox 785 2901 904 2977; x_wconf 86' lang='lat' dir='ltr'><strong>portus.</strong></span> <span class='ocrx_word' id='word_1_245' title='bbox 944 2892 1040 2961; x_wconf 89' lang='lat' dir='ltr'><strong>Unde</strong></span> <span class='ocrx_word' id='word_1_246' title='bbox 1061 2894 1230 2983; x_wconf 76' lang='lat' dir='ltr'><strong>deceptiao</strong></span> 
     </span>
     <span class='ocr_line' id='line_1_32' title="bbox 62 2973 947 3068; baseline 0.005 -28"><span class='ocrx_word' id='word_1_247' title='bbox 62 2977 169 3046; x_wconf 85' lang='lat' dir='ltr'><strong>Graeci</strong></span> <span class='ocrx_word' id='word_1_248' title='bbox 189 2998 249 3068; x_wconf 88' lang='lat' dir='ltr'><strong>per</strong></span> <span class='ocrx_word' id='word_1_249' title='bbox 269 2979 402 3047; x_wconf 81' lang='lat' dir='ltr'><strong>rimosas</strong></span> <span class='ocrx_word' id='word_1_250' title='bbox 424 2976 571 3066; x_wconf 84' lang='lat' dir='ltr'><strong>scopulos</strong></span> <span class='ocrx_word' id='word_1_251' title='bbox 592 2973 751 3064; x_wconf 87' lang='lat' dir='ltr'><strong>pertulere</strong></span> <span class='ocrx_word' id='word_1_252' title='bbox 772 2975 947 3064; x_wconf 80' lang='lat' dir='ltr'><strong>naufragia.</strong></span> 
     </span>
    </p>
   </div>
   <div class='ocr_carea' id='block_1_11' title="bbox 338 3123 910 3262">
    <p class='ocr_par' dir='ltr' id='par_1_12' title="bbox 337 3123 910 3262">
     <span class='ocr_line' id='line_1_33' title="bbox 338 3123 910 3262; baseline -0.002 -39.002"><span class='ocrx_word' id='word_1_253' title='bbox 338 3123 910 3262; x_wconf 28' lang='lat' dir='ltr'><strong>,202-Agarnemnon„¹</strong></span> 
     </span>
    </p>
   </div>
   <div class='ocr_carea' id='block_1_12' title="bbox 66 3275 1184 3450">
    <p class='ocr_par' dir='ltr' id='par_1_13' title="bbox 66 3275 1184 3450">
     <span class='ocr_line' id='line_1_34' title="bbox 138 3275 1184 3367; baseline 0.006 -23"><span class='ocrx_word' id='word_1_254' title='bbox 138 3279 240 3352; x_wconf 78' lang='lat' dir='ltr'><strong>Quum</strong></span> <span class='ocrx_word' id='word_1_255' title='bbox 274 3275 390 3363; x_wconf 68' lang='lat' dir='ltr'><strong>Graeci</strong></span> <span class='ocrx_word' id='word_1_256' title='bbox 422 3276 463 3342; x_wconf 92' lang='lat' dir='ltr'><strong>ad</strong></span> <span class='ocrx_word' id='word_1_257' title='bbox 496 3276 638 3344; x_wconf 87' lang='lat' dir='ltr'><strong>Aulidem</strong></span> <span class='ocrx_word' id='word_1_258' title='bbox 671 3278 844 3359; x_wconf 84' lang='lat' dir='ltr'><strong>uenissent,</strong></span> <span class='ocrx_word' id='word_1_259' title='bbox 880 3281 1096 3367; x_wconf 84' lang='lat' dir='ltr'><strong>Agamemnon</strong></span> <span class='ocrx_word' id='word_1_260' title='bbox 1126 3302 1184 3350; x_wconf 87' lang='lat' dir='ltr'><strong>rex</strong></span> 
     </span>
     <span class='ocr_line' id='line_1_35' title="bbox 66 3354 1183 3450; baseline 0.01 -27"><span class='ocrx_word' id='word_1_261' title='bbox 66 3354 174 3428; x_wconf 85' lang='lat' dir='ltr'><strong>Dianae</strong></span> <span class='ocrx_word' id='word_1_262' title='bbox 194 3387 319 3430; x_wconf 89' lang='lat' dir='ltr'><strong>cervam</strong></span> <span class='ocrx_word' id='word_1_263' title='bbox 340 3361 457 3439; x_wconf 83' lang='lat' dir='ltr'><strong>occidit</strong></span> <span class='ocrx_word' id='word_1_264' title='bbox 480 3364 621 3450; x_wconf 84' lang='lat' dir='ltr'><strong>ignarus.</strong></span> <span class='ocrx_word' id='word_1_265' title='bbox 664 3361 760 3430; x_wconf 85' lang='lat' dir='ltr'><strong>Un&#39;de</strong></span> <span class='ocrx_word' id='word_1_266' title='bbox 785 3365 866 3432; x_wconf 90' lang='lat' dir='ltr'><strong>irata</strong></span> <span class='ocrx_word' id='word_1_267' title='bbox 888 3367 988 3434; x_wconf 46' lang='lat' dir='ltr'><strong>“flatus</strong></span> <span class='ocrx_word' id='word_1_268' title='bbox 1019 3379 1183 3434; x_wconf 86' lang='lat' dir='ltr'><strong>ventorum</strong></span> 
     </span>
    </p>
   </div>
   <div class='ocr_carea' id='block_1_13' title="bbox 67 3449 1326 3540">
    <p class='ocr_par' dir='ltr' id='par_1_14' title="bbox 67 3449 1326 3540">
     <span class='ocr_line' id='line_1_36' title="bbox 67 3449 1326 3540; baseline 0.012 -34"><span class='ocrx_word' id='word_1_269' title='bbox 67 3451 189 3516; x_wconf 81' lang='lat' dir='ltr'><strong>ranorit.</strong></span> <span class='ocrx_word' id='word_1_270' title='bbox 234 3449 449 3524; x_wconf 84' lang='lat' dir='ltr'><strong>Quamobrem</strong></span> <span class='ocrx_word' id='word_1_271' title='bbox 484 3472 580 3538; x_wconf 87' lang='lat' dir='ltr'><strong>quum</strong></span> <span class='ocrx_word' id='word_1_272' title='bbox 602 3473 662 3516; x_wconf 85' lang='lat' dir='ltr'><strong>nec</strong></span> <span class='ocrx_word' id='word_1_273' title='bbox 683 3451 834 3539; x_wconf 83' lang='lat' dir='ltr'><strong>navigare</strong></span> <span class='ocrx_word' id='word_1_274' title='bbox 854 3465 998 3536; x_wconf 84' lang='lat' dir='ltr'><strong>possent,</strong></span> <span class='ocrx_word' id='word_1_275' title='bbox 1027 3465 1060 3519; x_wconf 88' lang='lat' dir='ltr'><strong>et</strong></span> <span class='ocrx_word' id='word_1_276' title='bbox 1088 3455 1224 3540; x_wconf 80' lang='lat' dir='ltr'><strong>pesti-35</strong></span> <span class='ocrx_word' id='word_1_277' title='bbox 1324 3489 1326 3494; x_wconf 96' lang='lat'>·</span> 
     </span>
    </p>
   </div>
   <div class='ocr_carea' id='block_1_14' title="bbox 20 3523 1208 3880">
    <p class='ocr_par' dir='ltr' id='par_1_15' title="bbox 20 3523 1208 3880">
     <span class='ocr_line' id='line_1_37' title="bbox 65 3523 1184 3624; baseline 0.011 -34"><span class='ocrx_word' id='word_1_278' title='bbox 65 3523 174 3600; x_wconf 90' lang='lat' dir='ltr'><strong>lentiam</strong></span> <span class='ocrx_word' id='word_1_279' title='bbox 188 3536 389 3603; x_wconf 82' lang='lat' dir='ltr'><strong>sustinerent.</strong></span> <span class='ocrx_word' id='word_1_280' title='bbox 406 3537 553 3604; x_wconf 80' lang='lat' dir='ltr'><strong>consulta</strong></span> <span class='ocrx_word' id='word_1_281' title='bbox 574 3535 703 3602; x_wconf 89' lang='lat' dir='ltr'><strong>oracula</strong></span> <span class='ocrx_word' id='word_1_282' title='bbox 724 3537 885 3617; x_wconf 88' lang='lat' dir='ltr'><strong>dixerunt,</strong></span> <span class='ocrx_word' id='word_1_283' title='bbox 907 3538 1184 3624; x_wconf 77' lang='lat' dir='ltr'><strong>Agamemnonio</strong></span> 
     </span>
     <span class='ocr_line' id='line_1_38' title="bbox 20 3619 1183 3709; baseline 0.011 -34"><span class='ocrx_word' id='word_1_284' title='bbox 20 3625 22 3632; x_wconf 78' lang='grc'>’</span> <span class='ocrx_word' id='word_1_285' title='bbox 64 3622 224 3704; x_wconf 77' lang='lat' dir='ltr'><strong>sanguine</strong></span> <span class='ocrx_word' id='word_1_286' title='bbox 242 3619 455 3706; x_wconf 69' lang='lat' dir='ltr'><strong>plaaoandom</strong></span> <span class='ocrx_word' id='word_1_287' title='bbox 478 3645 550 3686; x_wconf 84' lang='lat' dir='ltr'><strong>esee</strong></span> <span class='ocrx_word' id='word_1_288' title='bbox 569 3621 738 3688; x_wconf 84' lang='lat' dir='ltr'><strong>Dianam.</strong></span> <span class='ocrx_word' id='word_1_289' title='bbox 787 3623 881 3709; x_wconf 80' lang='lat' dir='ltr'><strong>Ergo</strong></span> <span class='ocrx_word' id='word_1_290' title='bbox 901 3640 998 3708; x_wconf 86' lang='lat' dir='ltr'><strong>quum</strong></span> <span class='ocrx_word' id='word_1_291' title='bbox 1019 3623 1060 3688; x_wconf 87' lang='lat' dir='ltr'><strong>ab</strong></span> <span class='ocrx_word' id='word_1_292' title='bbox 1075 3621 1183 3704; x_wconf 82' lang='lat' dir='ltr'><strong>Ulixe,</strong></span> 
     </span>
     <span class='ocr_line' id='line_1_39' title="bbox 63 3699 1208 3846; baseline 0.006 -76"><span class='ocrx_word' id='word_1_293' title='bbox 63 3699 108 3846; x_wconf 79' lang='lat' dir='ltr'><strong>yui</strong></span> <span class='ocrx_word' id='word_1_294' title='bbox 132 3718 201 3772; x_wconf 90' lang='lat' dir='ltr'><strong>erat</strong></span> <span class='ocrx_word' id='word_1_295' title='bbox 227 3704 453 3784; x_wconf 87' lang='lat' dir='ltr'><strong>astutissimus,</strong></span> <span class='ocrx_word' id='word_1_296' title='bbox 487 3727 546 3792; x_wconf 89' lang='lat' dir='ltr'><strong>per</strong></span> <span class='ocrx_word' id='word_1_297' title='bbox 578 3707 755 3808; x_wconf 87' lang='lat' dir='ltr'><strong>nuptiarum</strong></span> <span class='ocrx_word' id='word_1_298' title='bbox 784 3707 1013 3774; x_wconf 89' lang='lat' dir='ltr'><strong>simulationem</strong></span> <span class='ocrx_word' id='word_1_299' title='bbox 1043 3708 1208 3777; x_wconf 86' lang='lat' dir='ltr'><strong>abducta·</strong></span> 
     </span>
     <span class='ocr_line' id='line_1_40' title="bbox 76 3785 1181 3880; baseline 0.01 -30"><span class='ocrx_word' id='word_1_300' title='bbox 76 3785 231 3874; x_wconf 84' lang='lat' dir='ltr'><strong>pbigenia,</strong></span> <span class='ocrx_word' id='word_1_301' title='bbox 253 3789 498 3877; x_wconf 79' lang='lat' dir='ltr'><strong>Agamemnonis</strong></span> <span class='ocrx_word' id='word_1_302' title='bbox 518 3790 598 3871; x_wconf 87' lang='lat' dir='ltr'><strong>lilia,</strong></span> <span class='ocrx_word' id='word_1_303' title='bbox 625 3816 687 3880; x_wconf 77' lang='lat' dir='ltr'><strong>pam</strong></span> <span class='ocrx_word' id='word_1_304' title='bbox 710 3792 899 3862; x_wconf 89' lang='lat' dir='ltr'><strong>immolanda</strong></span> <span class='ocrx_word' id='word_1_305' title='bbox 918 3802 1020 3871; x_wconf 87' lang='lat' dir='ltr'><strong>esset,</strong></span> <span class='ocrx_word' id='word_1_306' title='bbox 1049 3796 1181 3862; x_wconf 88' lang='lat' dir='ltr'><strong>numinis</strong></span> 
     </span>
    </p>
   </div>
   <div class='ocr_carea' id='block_1_15' title="bbox 1196 2445 1289 2508">
    <p class='ocr_par' dir='ltr' id='par_1_16' title="bbox 1196 2445 1289 2508">
     <span class='ocr_line' id='line_1_41' title="bbox 1196 2445 1289 2508; baseline 0 0"><span class='ocrx_word' id='word_1_307' title='bbox 1196 2445 1289 2508; x_wconf 77' lang='lat'><strong>²5¹.</strong></span> 
     </span>
    </p>
   </div>
   <div class='ocr_carea' id='block_1_16' title="bbox 63 3870 1337 3984">
    <p class='ocr_par' dir='ltr' id='par_1_17' title="bbox 63 3870 1337 3984">
     <span class='ocr_line' id='line_1_42' title="bbox 63 3870 1337 3984; baseline 0.012 -51"><span class='ocrx_word' id='word_1_308' title='bbox 63 3870 251 3942; x_wconf 83' lang='lat' dir='ltr'><strong>miseratione</strong></span> <span class='ocrx_word' id='word_1_309' title='bbox 277 3876 400 3946; x_wconf 86' lang='lat' dir='ltr'><strong>sublata</strong></span> <span class='ocrx_word' id='word_1_310' title='bbox 426 3887 489 3953; x_wconf 90' lang='lat' dir='ltr'><strong>est,</strong></span> <span class='ocrx_word' id='word_1_311' title='bbox 523 3889 556 3943; x_wconf 90' lang='lat' dir='ltr'><strong>et</strong></span> <span class='ocrx_word' id='word_1_312' title='bbox 582 3899 676 3955; x_wconf 85' lang='lat' dir='ltr'><strong>cerva</strong></span> <span class='ocrx_word' id='word_1_313' title='bbox 697 3878 877 3966; x_wconf 90' lang='lat' dir='ltr'><strong>supposita,</strong></span> <span class='ocrx_word' id='word_1_314' title='bbox 905 3890 943 3953; x_wconf 83' lang='lat' dir='ltr'><strong>et</strong></span> <span class='ocrx_word' id='word_1_315' title='bbox 961 3880 1113 3948; x_wconf 87' lang='lat' dir='ltr'><strong>translata</strong></span> <span class='ocrx_word' id='word_1_316' title='bbox 1135 3881 1220 3948; x_wconf 76' lang='lat' dir='ltr'><strong>adro</strong></span> <span class='ocrx_word' id='word_1_317' title='bbox 1334 3907 1337 3984; x_wconf 67' lang='lat'><em>]</em></span> 
     </span>
    </p>
   </div>
   <div class='ocr_carea' id='block_1_17' title="bbox 63 3949 1181 4055">
    <p class='ocr_par' dir='ltr' id='par_1_18' title="bbox 63 3949 1181 4055">
     <span class='ocr_line' id='line_1_43' title="bbox 63 3949 1181 4055; baseline 0.015 -37"><span class='ocrx_word' id='word_1_318' title='bbox 63 3949 221 4028; x_wconf 72' lang='lat' dir='ltr'><strong>l&#39;aurioam</strong></span> <span class='ocrx_word' id='word_1_319' title='bbox 249 3961 429 4048; x_wconf 83' lang='lat' dir='ltr'><strong>regionem,</strong></span> <span class='ocrx_word' id='word_1_320' title='bbox 462 3961 532 4048; x_wconf 80' lang='lat' dir='ltr'><strong>regi</strong></span> <span class='ocrx_word' id='word_1_321' title='bbox 558 3961 698 4030; x_wconf 73' lang='lat' dir='ltr'><strong>&#39;l&#39;hoanti</strong></span> <span class='ocrx_word' id='word_1_322' title='bbox 727 3963 841 4031; x_wconf 88' lang='lat' dir='ltr'><strong>tradita</strong></span> <span class='ocrx_word' id='word_1_323' title='bbox 867 3974 933 4044; x_wconf 83' lang='lat' dir='ltr'><strong>est,</strong></span> <span class='ocrx_word' id='word_1_324' title='bbox 967 3966 1181 4055; x_wconf 81' lang='lat' dir='ltr'><strong>sacerdosque</strong></span> 
     </span>
    </p>
   </div>
   <div class='ocr_carea' id='block_1_18' title="bbox 61 4038 1236 4141">
    <p class='ocr_par' dir='ltr' id='par_1_19' title="bbox 61 4038 1236 4141">
     <span class='ocr_line' id='line_1_44' title="bbox 61 4038 1236 4141; baseline 0.015 -38"><span class='ocrx_word' id='word_1_325' title='bbox 61 4038 135 4110; x_wconf 85' lang='lat' dir='ltr'><strong>lacta</strong></span> <span class='ocrx_word' id='word_1_326' title='bbox 159 4048 340 4136; x_wconf 73' lang='lat' dir='ltr'><strong>Dictynnae</strong></span> <span class='ocrx_word' id='word_1_327' title='bbox 368 4047 499 4113; x_wconf 90' lang='lat' dir='ltr'><strong>Dianae.</strong></span> <span class='ocrx_word' id='word_1_328' title='bbox 552 4049 788 4134; x_wconf 87' lang='lat' dir='ltr'><strong>Agamemnone</strong></span> <span class='ocrx_word' id='word_1_329' title='bbox 813 4059 918 4116; x_wconf 91' lang='lat' dir='ltr'><strong>autem</strong></span> <span class='ocrx_word' id='word_1_330' title='bbox 948 4049 1048 4141; x_wconf 83' lang='lat' dir='ltr'><strong>&#39;Proja</strong></span> <span class='ocrx_word' id='word_1_331' title='bbox 1075 4075 1180 4120; x_wconf 86' lang='lat' dir='ltr'><strong>rever·</strong></span> <span class='ocrx_word' id='word_1_332' title='bbox 1228 4120 1236 4130; x_wconf 75' lang='grc'>,</span> 
     </span>
    </p>
   </div>
   <div class='ocr_carea' id='block_1_19' title="bbox 61 4132 1181 4228">
    <p class='ocr_par' dir='ltr' id='par_1_20' title="bbox 61 4132 1181 4228">
     <span class='ocr_line' id='line_1_45' title="bbox 61 4132 1181 4228; baseline 0.018 -43"><span class='ocrx_word' id='word_1_333' title='bbox 61 4135 156 4210; x_wconf 83' lang='lat' dir='ltr'><strong>tante,</strong></span> <span class='ocrx_word' id='word_1_334' title='bbox 186 4132 416 4222; x_wconf 73' lang='lat' dir='ltr'><strong>clytemnestra</strong></span> <span class='ocrx_word' id='word_1_335' title='bbox 445 4153 524 4198; x_wconf 85' lang='lat' dir='ltr'><strong>uror</strong></span> <span class='ocrx_word' id='word_1_336' title='bbox 543 4133 610 4222; x_wconf 82' lang='lat' dir='ltr'><strong>ejus</strong></span> <span class='ocrx_word' id='word_1_337' title='bbox 628 4133 752 4208; x_wconf 91' lang='lat' dir='ltr'><strong>obtulit</strong></span> <span class='ocrx_word' id='word_1_338' title='bbox 780 4133 809 4199; x_wconf 88' lang='lat' dir='ltr'><strong>ei</strong></span> <span class='ocrx_word' id='word_1_339' title='bbox 824 4145 947 4216; x_wconf 57' lang='lat' dir='ltr'><strong>xvestem</strong></span> <span class='ocrx_word' id='word_1_340' title='bbox 971 4137 1038 4203; x_wconf 89' lang='lat' dir='ltr'><strong>sine</strong></span> <span class='ocrx_word' id='word_1_341' title='bbox 1058 4141 1181 4228; x_wconf 89' lang='lat' dir='ltr'><strong>capitio.</strong></span> 
     </span>
    </p>
   </div>
   <div class='ocr_carea' id='block_1_20' title="bbox 60 4203 1337 4317">
    <p class='ocr_par' dir='ltr' id='par_1_21' title="bbox 60 4203 1337 4317">
     <span class='ocr_line' id='line_1_46' title="bbox 60 4203 1337 4317; baseline 0.011 -37"><span class='ocrx_word' id='word_1_342' title='bbox 60 4208 156 4284; x_wconf 74' lang='lat' dir='ltr'><strong>Quem</strong></span> <span class='ocrx_word' id='word_1_343' title='bbox 178 4241 273 4306; x_wconf 89' lang='lat' dir='ltr'><strong>quum</strong></span> <span class='ocrx_word' id='word_1_344' title='bbox 293 4218 426 4288; x_wconf 86' lang='lat' dir='ltr'><strong>inducre</strong></span> <span class='ocrx_word' id='word_1_345' title='bbox 454 4215 561 4301; x_wconf 83' lang='lat' dir='ltr'><strong>vellet,</strong></span> <span class='ocrx_word' id='word_1_346' title='bbox 593 4229 625 4286; x_wconf 90' lang='lat' dir='ltr'><strong>et</strong></span> <span class='ocrx_word' id='word_1_347' title='bbox 651 4219 797 4317; x_wconf 84' lang='lat' dir='ltr'><strong>capitium</strong></span> <span class='ocrx_word' id='word_1_348' title='bbox 819 4242 882 4288; x_wconf 87' lang='lat' dir='ltr'><strong>nou</strong></span> <span class='ocrx_word' id='word_1_349' title='bbox 903 4221 1042 4291; x_wconf 84' lang='lat' dir='ltr'><strong>invenire</strong></span> <span class='ocrx_word' id='word_1_350' title='bbox 1062 4239 1180 4313; x_wconf 86' lang='lat' dir='ltr'><strong>posset,</strong></span> <span class='ocrx_word' id='word_1_351' title='bbox 1298 4292 1300 4300; x_wconf 80' lang='grc'>,</span> <span class='ocrx_word' id='word_1_352' title='bbox 1336 4203 1337 4240; x_wconf 51' lang='lat'>¹</span> 
     </span>
    </p>
   </div>
   <div class='ocr_carea' id='block_1_21' title="bbox 0 0 1362 4794">
    <p class='ocr_par' dir='ltr' id='par_1_22' title="bbox 0 0 1362 4794">
     <span class='ocr_line' id='line_1_47' title="bbox 0 0 1362 4794; baseline 0 7"><span class='ocrx_word' id='word_1_353' title='bbox 0 0 1362 4794; x_wconf 95' lang='lat' dir='ltr'><strong> </strong></span> 
     </span>
    </p>
   </div>
  </div>
 </body>
</html>
