2716 4794
164 289 166 294 ,
238 147 931 308 suquoganr..=›r..a-a;,.
998 266 1000 272 .
1075 202 1172 306 ,aaa

64 386 93 452 ln
110 387 224 475 maguis
245 407 344 476 ergo,
361 373 413 455 ‘irc
425 388 469 456 ait
489 389 673 478 Remigius,
694 377 1069 478 'dispositionibus'quasi
1087 406 1172 458 mas·
1295 431 1298 437 -

63 471 145 539 culino
165 473 299 542 effertur
317 489 457 560 genereg
476 475 507 542 in
526 477 698 542 mineribus
720 498 795 542 vcro
817 474 1004 564 femininam
1016 474 1171 563 quodam·

60 558 136 624 modo
159 581 276 626 nomen
305 561 430 649 accipit.
464 561 547 646 ,Sive
570 563 654 629 aba
682 560 768 625 endo
790 557 883 650 juxta
904 561 1067 636 Servium,
1094 562 1171 628 Sto-

56 641 161 711 icormn
181 643 303 731 dogma
322 646 516 726 tradentem,
550 669 618 714 mas
640 583 791 726 <licitare
805 645 921 712 semina
949 669 1040 728 vero,
1072 669 1169 734 quum

53 729 337 821 potiendipodtae
357 731 385 797 ei
407 731 483 800 dant
502 743 656 816 naturam.
707 727 803 798 Unde
830 741 897 798 est:
926 732 1100 821 -Conjugie
1129 732 1192 796 ina

51 814 213 899 gremium
234 816 349 880 laetae
368 816 557 884 descendit.
605 819 653 884 Ab
676 815 811 882 cotibus
834 828 949 882 nutent
973 816 1064 904 joma
1091 816 1171 904 bun·

54 896 114 965 dem
142 913 292 979 vocatur,
331 915 366 970 ut
385 903 425 968 Jn
451 901 531 990 piter
547 901 1065 992 'juvans-potereMercurius,
1095 902 1169 1006 quia
1272 907 1275 917 '

52 982 210 1049 mercibus
229 996 372 1074 praeest3
401 988 500 1054 luber·
521 986 738 1056 aliterue.
758 985 844 1054 data.
886 987 931 1055 Et
951 985 1054 1052 Varro
1082 987 1170 1067 droit,

53 1069 111 1153 qnia
129 1091 231 1158 quum
251 1085 332 1138 nnus
351 1071 499 1162 idemque
520 1073 560 1142 sit
582 1073 694 1151 homo,
726 1093 747 1138 a
773 1093 910 1161 corpore
935 1078 1040 1156 tamen
1062 1064 1168 1152 homo,

56 1155 87 1218 ab
111 1156 215 1222 animo
245 1158 379 1245 sapiens
409 1157 542 1241 dicitur3
584 1159 629 1226 ita
656 1179 737 1244 ergo
766 1169 800 1225 et
829 1157 926 1237 deus,
961 1180 1058 1247 quum
1086 1172 1211 1224 unuslo

57 1237 190 1328 idemque
210 1241 267 1316 sit,
298 1244 402 1310 multis
420 1257 526 1312 tamen
547 1264 605 1334 pro
628 1243 870 1332 dispensationis
889 1265 968 1312 suae
983 1244 1170 1312 diversitate
1226 1285 1232 1292 ·

61 1329 380 1395 oeneturrvoonbutts.
497 1364 502 1378 ·
1205 1353 1209 1364 ¹

124 1433 221 1506 Nunc
246 1440 352 1508 antein
373 1440 522 1530 deinceps
550 1440 746 1532 inexplicitos
768 1439 886 1530 aliquot
906 1441 1097 1531 antiquitatis
1118 1463 1169 1508 re-

63 1517 198 1591 volvamus
221 1547 362 1605 errores,
398 1527 499 1616 iisque
526 1527 553 1598 si
583 1550 645 1594 non
665 1527 768 1595 lucem
797 1527 964 1610 infundere
991 1549 1169 1616 possumus,

61 1603 157 1695 aliquas
187 1623 294 1676 tamen
322 1611 522 1700 ignorantiae
550 1612 679 1682 nebulas
705 1611 865 1704 majorum¹
880 1612 1010 1704 flagello
1030 1613 1210 1686 auctori-la

61 1701 138 1766 mum
160 1695 355 1787 aliquatenus
376 1697 599 1802 dimoreamus.

278 1922 280 1930 ’
394 1914 472 1990 .l.
525 1913 772 1992 Saturnus.

124 2043 155 2108 1.
200 2042 341 2110 Primum
362 2041 496 2111 deorum
518 2047 691 2114 Saturnum
712 2054 843 2135 ponunt.
868 2043 984 2120 ,Hunc
1003 2056 1169 2124 maestum,

54 2144 168 2206 senem,
201 2129 332 2210 carium,
368 2142 464 2216 caput
490 2131 607 2218 glauco
638 2131 754 2199 amictu
783 2141 970 2216 coopertum
990 2129 1169 2209 habentem,
1246 2168 1254 2217 t

42 2209 176 2284 liliorum
207 2225 335 2282 suorum
362 2228 556 2301 voratorem,
594 2215 771 2305 falcemque
794 2215 963 2291 terentem,
998 2214 1212 2282 draconemno

52 2299 134 2364 etiam
167 2299 428 2378 flammivomum,
462 2303 515 2390 qui
544 2302 668 2370 caudae
702 2323 780 2368 suae
809 2298 918 2366 ultima
948 2299 1098 2380 devorat,
1138 2303 1170 2367 in

49 2379 152 2450 derna
176 2397 351 2466 tenentem,
369 2386 540 2456 ‘inducunt
582 2389 636 2456 De
661 2386 710 2454 his
738 2382 852 2453 diversi
874 2385 1020 2452 nonnulla
1047 2385 1171 2468 eadem,

49 2466 145 2558 aliqua
170 2482 275 2538 tamen
299 2471 421 2544 diversa
442 2473 588 2542 sentiunt.
1099 2491 1101 2495 ’

114 2584 156 2648 2.
178 2653 183 2664 ,
202 2584 342 2652 Historia
364 2586 491 2673 quidem
511 2587 624 2666 babet,
658 2587 831 2658 Saturnum
860 2593 982 2672 patrem
1003 2592 1038 2646 et
1057 2579 1169 2660 Jorem

47 2666 141 2733 lilium
161 2691 265 2756 regna
283 2671 430 2740 in'Cretn
449 2673 630 2742 obtinuisse.
670 2673 757 2742 Inter
777 2691 858 2759 quos
874 2667 953 2738 bello
970 2680 1051 2755 orto,
1073 2689 1211 2757 quamn

45 2752 267 2836 praevaluisset
286 2756 449 2844 Juppiter,
474 2757 606 2846 lingatus
623 2759 779 2825 Saturnus
796 2754 918 2824 Italiam
937 2753 1042 2841 petiit,
1064 2753 1170 2841 ibique

46 2839 182 2920 alano,
212 2841 266 2928 qui
294 2853 370 2910 tunc
393 2845 566 2930 regnabat,
593 2855 758 2928 receptus,
796 2863 893 2928 quum
920 2861 992 2906 eum
1016 2861 1106 2908 usum
1126 2841 1187 2904 ri-.

45 2939 173 2989 aearum
195 2938 229 2992 et
250 2925 337 2996 lalcis
359 2927 537 3006 docuisset,
568 2929 600 2995 in
631 2941 753 3015 partem
779 2940 828 2995 est
856 2923 1010 2993 admissus
1037 2925 1171 3010 imperii,

43 3007 165 3096 tibique
180 3011 339 3100 oppidum
359 3015 446 3084 fecit.
486 3015 553 3082 Hic
579 3017 687 3101 itaque
730 3014 763 3079 in
790 3010 984 3098 agricultura
1018 3031 1170 3096 magnum
1236 3093 1238 3100 Ι
1267 3065 1269 3072 .

44 3091 240 3181 impendens.
252 3099 454 3182 exercitium,
474 3113 508 3170 et
528 3121 585 3189 per
606 3120 751 3168 annonae
771 3096 1049 3186 praerogationem
1070 3093 1111 3160 ad
1132 3118 1212 3172 seno

42 3180 176 3268 populos
198 3183 378 3273 attrahens,
407 3185 641 3256 aauturondo
665 3185 821 3252 Saturnus
842 3181 956 3250 meruit
977 3179 1137 3268 appellari.
1240 3186 1255 3260 f

128 3295 158 3361 3.
199 3297 300 3364 Hunc
317 3311 402 3386 ergo
421 3308 591 3364 moestum
613 3299 731 3385 ubique
752 3293 938 3364 describunt
958 3299 1093 3382 poetae,
1119 3303 1172 3360 ut-
1259 3363 1261 3370 ,

45 3387 125 3462 pote
144 3379 225 3448 bello
244 3383 379 3466 rictrrm,
412 3394 487 3450 eta
515 3405 625 3472 regno
645 3383 796 3452 violenter
826 3393 997 3448 extrusum.
1045 3377 1172 3470 Mathe·

47 3462 151 3532 matici
169 3479 275 3538 tamen
296 3484 372 3535 rem¹
386 3469 527 3537 subtilius
550 3469 806 3558 contemplantes,
827 3464 901 3533 ideo
916 3487 996 3531 eum
1016 3476 1171 3538 maestum

46 3545 172 3632 dicunt,
195 3555 270 3642 qnia
290 3554 379 3622 stella
402 3555 540 3622 Saturno
565 3555 717 3644 deputata
737 3567 810 3622 ortu
830 3575 890 3620 suo
910 3550 1066 3619 tristitiam
1086 3565 1213 3620 sem-oc

45 3655 107 3718 per
125 3636 297 3708 denuntiat.
342 3639 402 3706 ,ltu
427 3639 561 3708 enimin
583 3641 770 3729 capricorno
792 3641 913 3730 posita,
954 3635 1073 3725 pluvias
1095 3654 1172 3722 gro·
1194 3637 1197 3652 '

47 3719 203 3806 sissimas,
238 3724 306 3792 scd¹
327 3726 500 3816 praecipue
530 3729 563 3794 in
593 3727 702 3807 ltalia,
734 3733 919 3793 commoret
979 3718 1072 3786 Unde
1104 3732 1171 3788 est:

49 3803 116 3869 Seu
136 3819 310 3897 tyrannus
337 3811 529 3900 Hesperiae
559 3813 782 3900 capricornus
812 3809 938 3874 undae.
979 3805 1018 3871 In
1045 3806 1171 3894 scorpio

47 3908 120 3988 yero
143 3894 335 3980 grandines,
369 3895 445 3962 item
465 3896 497 3961 in
520 3896 580 3966 alio
607 3898 700 3984 signo
723 3896 866 3973 fulmina,
900 3893 931 3958 in
960 3889 1019 3956 nlio
1049 3903 1171 3971 ventos,

46 3991 77 4036 ¹¹¹
100 3978 179 4045 aliis·
195 3981 256 4046 alin
285 3999 388 4047 nocua
416 3993 574 4069 apportat
628 3983 758 4050 Addunt
776 3981 890 4057 etiam,
920 3974 994 4042 ideo
1016 3989 1214 4058 maestarum

41 4080 132 4144 esse,
161 4067 235 4152 quia
254 4064 349 4134 ‘sidus
368 4065 441 4168 ejus
462 4067 673 4136 tardissimum
698 4069 749 4136 stt
799 4066 908 4140 Quum
936 4062 1018 4127 enlm
1047 4076 1172 4146 celero-

40 4164 115 4212 rum
135 4149 334 4237 planetarum
354 4150 433 4218 abus
455 4173 512 4243 per
531 4177 688 4236 mensem,
717 4167 754 4222 ut
775 4151 867 4228 luna,
896 4145 955 4218 alii„
966 4170 1024 4236 per
1045 4171 1171 4224 annum,

39 4241 80 4294 ¹¹¹
99 4231 302 4318 Mercurius,
330 4239 455 4321 Venus,
479 4237 565 4324 Sole,
594 4240 673 4310 olins
701 4262 760 4331 per
796 4236 973 4311 biennium,
1008 4243 1045 4300 ut
1067 4234 1173 4314 Μιιιις
