2786 4800
138 251 166 326 6
443 287 448 302 =
502 214 684 354 lllptlrogr.
714 252 747 324 1.
802 243 964 326 iiim.

141 461 162 506 a
194 457 266 506 com
289 457 417 506 ressore
445 439 478 507 in
507 457 639 506 raonem
669 437 900 526 transfigurata
931 444 992 504 eat.
1046 433 1148 508 Cu'us
1181 463 1281 530 quum

140 525 226 592 Juuo
258 459 413 592 duratam
436 523 721 618 deprehendisset,
745 520 747 530 ⁴
751 523 845 630 petiit
873 543 1006 590 vaccam
1035 545 1066 592 a
1083 463 1166 593 lova
1198 527 1283 598 velut

139 632 257 678 munus
283 609 342 677 sibi
371 608 460 692 dari,
489 633 529 678 eo
558 609 647 699 quod
673 609 849 700 speciosior
877 620 964 688 esset
979 611 1100 678 ‘omens
1121 613 1282 694 armentis,

143 718 227 785 quae
253 694 286 762 in
313 693 537 786 Peloponneso
560 707 742 762 cernuntur.
766 693 932 782 luppiter
961 715 1054 776 vero,
1084 719 1143 778 ne,
1170 699 1198 764 si
1225 719 1283 765 ne-

119 791 273 869 ugasset,
293 793 438 870 stuprum
457 781 626 871 proderet,
646 780 784 869 puellam
803 777 944 848 tradidit
986 779 1091 862 Juuo,
1119 805 1161 848 ne
1180 783 1297 872 pellex,
1347 787 1371 840 ἵ

120 887 123 892 ·
143 867 212 970 ejus
234 866 368 955 amplius
388 868 469 944 Jove
486 869 658 958 potiretur,
681 869 723 933 Ar
749 889 814 947 um,
834 877 963 934 centum
980 866 1089 934 oculos
1104 867 1287 946 habentem,

141 976 174 1018 er
195 951 361 1022 custodem
383 953 557 1044 praefecit,
583 974 678 1044 quem
735 951 879 1020 ercurius
894 952 987 1042 jussu
1007 953 1095 1020 Jovis
1116 955 1284 1027 interemit.

30 1077 33 1085 s
144 1039 230 1104 Juno
250 1040 392 1126 Argum,
428 1037 502 1129 quia
533 1039 576 1106 ob
608 1037 787 1106 custodiam
812 1037 873 1106 sibi
893 1047 1037 1106 mortuns
1058 1050 1147 1116 erat,
1173 1042 1205 1107 in
1227 1064 1285 1130 pu-
1348 1051 1350 1058 ⁴

145 1131 258 1190 vonam
287 1124 539 1204 transformarit,
579 1136 614 1193 et
644 1137 809 1212 receptum
831 1123 864 1189 in
894 1143 985 1192 suam
1015 1123 1146 1192 tutelam
1173 1127 1286 1215 pennis

104 1208 323 1298 toinsignlbus
343 1208 459 1278 amissa
478 1209 595 1279 lumina
617 1205 788 1276 exornavit.
831 1208 869 1276 lo
911 1231 1009 1298 quum
1031 1209 1140 1278 Furiis
1174 1213 1285 1300 exagi-

145 1307 231 1376 tata,
259 1297 372 1364 orbem
401 1308 560 1364 terrarum
586 1305 812 1384 peragrasset,
844 1291 1014 1364 novissime
1040 1295 1073 1362 in
1102 1298 1287 1398 Aegyptum

144 1379 252 1448 delata
280 1393 339 1450 est.
387 1381 438 1448 Ibi
469 1379 595 1470 placata
621 1380 749 1448 Junone
776 1403 797 1450 a
824 1379 926 1465 Jove,
957 1378 1122 1472 pristinam
1150 1385 1286 1454 lormam

144 1466 288 1558 recepit,
309 1479 413 1560 utque¹
428 1467 653 1538 nominabatur
671 1465 743 1538 lsis.
863 1499 864 1502 ¹

412 1665 478 1746 19.
532 1670 698 1789 Icarus
734 1682 777 1748 et
807 1648 1023 1788 Erigone.

104 1812 140 1868 15
232 1793 363 1880 Icarus,
375 1787 477 1906 'pater
493 1784 681 1890 Erigonae,
703 1822 802 1890 quum
822 1810 993 1891 acceptum·
1013 1822 1034 1866 a
1055 1797 1176 1868 Libero
1195 1801 1290 1890 patre
1316 1811 1318 1815 ’

146 1880 253 1949 vinum
273 1885 460 1954 mortalibus
480 1886 664 1968 indicasset,
689 1886 816 1954 occisus
840 1897 891 1954 est
910 1910 931 1953 a
951 1884 1088 1968 rusticis,
1111 1885 1166 1976 qui
1187 1908 1288 1976 quum

91 1991 93 1998 ‘
145 1967 217 2058 plus
240 1991 259 2036 a
301 1991 345 2036 uo
366 1982 542 2060 potassent,
564 1971 688 2053 ebriati,
709 1993 746 2040 se
767 1993 924 2060 venenum
945 1968 1118 2062 accepisse,
1140 1971 1289 2040 credide-

146 2065 228 2122 rant
308 2055 379 2147 ujus
409 2058 496 2138 canis
527 2070 578 2128 est
605 2079 753 2125 reservas
781 2055 824 2124 ad
851 2057 1031 2146 Erigonam
1059 2059 1172 2139 filiam,
1203 2079 1289 2146 quae

148 2161 266 2228 quum,
291 2139 358 2244 ejus
381 2143 532 2212 comitata
555 2145 708 2233 vestigia,
735 2143 933 2232 pervenisset
961 2143 1003 2211 ad
1022 2143 1118 2232 patris
1141 2143 1291 2226 cadaver,

105 2224 263 2313 wlaqum
292 2240 386 2296 vrtam
416 2228 525 2298 finivit
574 2233 670 2300 Haec
698 2227 833 2296 deorum
860 2228 1063 2298 miseratione
1089 2229 1172 2297 inter
1201 2229 1291 2319 astra

75 2349 81 2366 ,
146 2313 247 2380 relata
275 2325 341 2394 est,
375 2333 472 2404 quum
493 2315 555 2384 :vir
583 2315 677 2383 inem
701 2325 826 2383 vocant·
869 2315 968 2382 Canis
990 2337 1119 2404 quoque
1134 2315 1186 2382 ille
1207 2316 1292 2384 inter

147 2397 255 2464 sidera
278 2399 462 2470 collocatus.
504 2337 581 2471 Sel
604 2425 662 2490 per
684 2401 879 2490 aliquantum
899 2412 1024 2489 tempus
1045 2401 1291 2470 Atheniensibus
1349 2409 1352 2418 “

147 2485 280 2551 morbus
300 2484 458 2564 immissus
481 2497 532 2556 est
552 2486 640 2570 talis,
661 2499 834 2556 uteorum
856 2486 995 2574 virgines
1016 2486 1157 2575 quodam
1180 2487 1292 2554 lurore

26 2600 29 2608 ⁴
146 2569 478 2658 'compellerentur'ad
492 2573 654 2678 lagueum.
698 2568 945 2661 Responditque
972 2572 1155 2654 oraculum,
1185 2571 1292 2641 sedari

105 2677 245 2744 esposse
271 2655 356 2724 illam
384 2657 612 2747 pestilentum,
644 2657 674 2726 'si
703 2657 872 2746 Erigonae
899 2670 933 2727 et
955 2658 1039 2726 Icari
1060 2656 1218 2741 cadavera
1237 2681 1300 2738 rea

148 2742 361 2829 quirerentur.
404 2745 499 2818 Quae
519 2767 618 2835 quum
638 2743 694 2810 diu
714 2744 861 2832 quaesita
891 2763 1048 2834 nusquam
1067 2744 1294 2826 invenirentur,

148 2825 192 2892 ad
221 2825 452 2898 ostendendam
488 2853 579 2898 suam
615 2828 817 2898 devotionem
849 2828 1073 2912 Athenienses,
1116 2843 1152 2898 ut
1188 2842 1222 2899 et
1258 2832 1294 2900 in

140 2911 250 2980 ‘alieno
289 2936 330 2982 ea
364 2936 523 3003 quaerere
552 2915 737 2985 viderentur
768 2913 942 2999 elemento,
977 2914 1215 3004 suspenderunt
1249 2914 1295 2982 'de

127 2998 317 3074 warboribus
349 3000 475 3082 funem,
508 2999 552 3070 ad
579 3024 686 3096 quem,
706 3023 743 3070 se
770 3011 917 3072 tenentes
943 3001 1087 3070 homines
1109 3002 1174 3072 huo
1192 3010 1294 3090 atque

105 3083 222 3151 8⁰illuc
247 3085 472 3170 agitabantur,
504 3087 547 3157 'ut
572 3087 664 3176 quasi
694 3096 729 3166 et
753 3108 814 3177 per
844 3093 952 3156 aerem
980 3087 1105 3156 illorum
1132 3083 1294 3172 cadavera

147 3179 305 3258 quaerere
322 3170 514 3256 viderentur.
557 3174 627 3242 Sed
647 3177 746 3266 quum
772 3170 848 3239 inde
900 3174 1020 3262 lerique
1046 3172 1217 3255 caderent,
1242 3173 1294 3240 in-

147 3267 277 3342 ventum
297 3268 364 3341 est,
392 3269 430 3326 ut
450 3259 570 3328 formas
591 3259 640 3327 ad
655 3259 721 3328 oris
741 3258 791 3326 sui
812 3195 1046 3328 similitudinem
1069 3259 1240 3341 lacerent,
1260 3263 1296 3326 e't

148 3365 205 3410 eas
227 3363 287 3432 pro
309 3367 345 3410 se
365 3366 538 3430 suspensus
559 3355 733 3414 moverent.
786 3341 884 3410 Unde
903 3345 1028 3412 oscilla
1048 3344 1135 3416 dicta
1155 3357 1230 3416 sunt
1252 3345 1297 3414 ub

149 3451 208 3514 eo,
229 3425 319 3518 quod
339 3428 372 3500 iu
392 3429 442 3498 bis
463 3429 730 3506 oscularentur,
749 3426 785 3495 id
806 3441 857 3498 est
876 3441 1097 3499 inreverentur
1117 3451 1192 3500 oro.

105 3681 143 3734 aa
236 3593 307 3728 20.
361 3604 632 3758 Iphigenia,
665 3655 872 3736 'Orestes
907 3671 948 3734 et
982 3659 1200 3762 Pylades.

235 3779 355 3850 Graeci
385 3781 462 3850 dum
487 3780 574 3852 irent
595 3795 709 3854 contra
729 3786 882 3878 Trojam,
914 3799 948 3856 et
967 3784 1010 3853 ad
1030 3785 1182 3870 insulam,
1212 3809 1300 3874 quae

147 3863 236 3934 Aulis
261 3869 456 3950 vocabatur,
493 3868 669 3953 venisseut,
699 3874 727 3940 A
753 3895 922 3941 amemnon
954 3894 1030 3952 rex,
1050 3871 1158 3938 volens
1182 3893 1219 3938 se
1242 3890 1298 3938 sa-

148 3950 238 4038 gittis
269 3974 439 4034 exercere,
469 3953 547 4045 vidit
575 3977 705 4024 cervam
764 3959 873 4041 ianae,
903 3979 1018 4047 quarn,
1050 3957 1118 4048 ejus
1140 3958 1298 4044 ignorans

149 4059 248 4116 esse,
277 4033 450 4112 interfecit.
492 4035 604 4109 Ventis
628 4054 736 4119 autem
756 4042 923 4112 contrariis
942 4043 986 4110 ibi
1006 4040 1063 4108 diu
1085 4041 1226 4122 detenti,
1254 4065 1299 4112 ex

85 4118 281 4200 ‘sooraculo
318 4123 468 4210 Apollinis
509 4146 700 4214 responsum
727 4141 808 4209 ¹ast,
850 4127 1104 4218 Agamemnonio
1135 4128 1298 4234 sanguine
1388 4195 1391 4202 ,

148 4215 260 4296 ventos
288 4229 361 4273 esse
389 4207 577 4296 placandos.
618 4212 715 4280 'l'unc
742 4214 873 4296 Ulixes,
906 4225 944 4284 ut
970 4226 1041 4282 erat
1071 4215 1297 4296 astutissimus,
1341 4263 1342 4269 κ

149 4288 182 4357 in
206 4290 342 4378 patriam
363 4313 521 4377 reversus,
543 4292 639 4366 lilium
655 4300 903 4387 Agamemnona
913 4299 1127 4392 Iphigeniam,
1145 4301 1296 4379 simulant
