2786 4800
457 181 639 289 Mytlto'gr.
668 185 702 260 1.
756 183 858 262 tot:
973 208 978 217 “

305 533 753 648 uuunocmcnus
794 535 1003 614 enatus.
1104 563 1110 602 .

514 795 798 868 Lrnsa‘lll.

6 1061 7 1068 κ
100 1045 103 1052 ’
160 1015 265 1091 204.
321 980 605 1117 Genealogia
640 1015 826 1103 deorum
862 1013 1169 1092 et'lreroum.¹

169 1147 319 1236 Oplrion,
357 1157 404 1232 et3
424 1145 601 1212 secundum
637 1145 860 1236 philosophos,
898 1147 1065 1224 Oceanus,
1102 1145 1155 1232 qui
1190 1157 1223 1213 et

82 1233 233 1311 Nereus,
269 1232 310 1313 de
339 1231 459 1322 majore
486 1230 627 1298 Thetide
656 1232 768 1318 genuit
788 1232 931 1300 Caelum.
975 1231 1091 1298 Caelus
1111 1233 1249 1318 genuits

88 1321 273 1398 Saturnum,
295 1318 457 1384 Phorcum
479 1329 513 1384 et
535 1316 673 1384 Rheam.
705 1319 862 1386 'Phorcus
882 1317 996 1405 genuit
1018 1319 1224 1394 Sthenonem,

89 1401 261 1492 Euryalum
300 1415 332 1472 et
359 1402 544 1479 Medusam,
586 1424 671 1490 quae
701 1416 751 1471 est
778 1405 945 1491 Gorgona.
996 1404 1156 1470 Saturnus
1183 1404 1225 1474 de

90 1489 180 1554 Rhea
201 1489 317 1576 genuit
336 1489 449 1556 Jorem
479 1500 512 1555 et
532 1489 690 1560 lunonem
713 1501 746 1556 et
765 1489 950 1580 Neptunum
981 1503 1015 1556 et
1045 1489 1225 1556 Plutonem.
1288 1494 1293 1500 ’

89 1575 235 1662 anpiter
253 1573 296 1640 de
308 1575 439 1642 Electra
466 1573 580 1660 genuit
591 1574 778 1642 Dardanum
793 1589 826 1644 et
841 1577 1014 1642 Teucrum.
1052 1573 1224 1642 Dardanus

85 1660 166 1726 llum
211 1671 245 1726 et
267 1665 479 1731 'Assaracum
541 1660 606 1728 llus
649 1659 873 1728 Laomedonte
919 1671 953 1728 et
993 1660 1267 1752 Ganymedem.10

74 1745 276 1812 *Laomedon
298 1747 411 1833 genuit
432 1744 616 1849 Anchisem,
645 1747 838 1848 Tithonum,
857 1748 1070 1848 Antenorem,
1090 1747 1223 1849 Antigo-

81 1853 299 1982 iilllu‘lli‘.
319 1844 559 1996 Attalea
573 1854 763 2006 titillat,
783 1834 1227 2007 lulltnilfttltt

82 2004 297 2070 Troilumet
329 2003 506 2082 Helenum,
547 2001 796 2092 Polydamanta,
830 2006 1049 2092 Deiphobum,
1085 2005 1224 2070 Cassan-

84 2089 197 2167 dram,
240 2087 410 2167 Paridem,
451 2089 646 2166 Hectorem,
685 2092 739 2179 qui
778 2089 819 2155 de
857 2089 1079 2158 Andromacha
1111 2090 1266 2174 genuit1a

84 2177 288 2262 Astyanacta.
332 2174 483 2254 Anchises
505 2171 548 2238 de
570 2175 695 2242 Venere
713 2175 827 2262 genuit
850 2177 999 2242 Aeneam.
1037 2177 1160 2242 Aeneas
1182 2174 1225 2238 de

87 2261 213 2332 Creusa
237 2259 357 2338 Iulum,
379 2260 433 2348 qui
455 2271 488 2325 et
509 2262 670 2326 Ascanius.
715 2263 789 2334 Quo
821 2259 1008 2340 interiecto,
1034 2260 1122 2347 ipse,
1151 2273 1223 2346 post

83 2345 213 2412 ueniens
233 2345 266 2410 in
289 2345 428 2425 ltaliam,
451 2345 493 2410 de
512 2345 654 2426 Lavinia,
676 2345 738 2412 lilia
753 2345 869 2426 Latini,
891 2345 1084 2434 desponsata
1099 2346 1222 2424 'l'nrno,

82 2432 200 2520 genuit
223 2431 352 2499 Silvium
377 2435 525 2500 Aeneam.
568 2432 681 2500 Silvius
708 2433 867 2501 Latinum.
908 2433 1042 2499 Latinus
1061 2432 1222 2520 lippum,

81 2521 212 2604 Capum
235 2529 268 2584 et
287 2518 455 2604 Capetum.
499 2519 640 2605 Capetus
663 2518 835 2586 Remulum
858 2519 891 2586 et
909 2520 1068 2586 Amatam.
1101 2521 1264 2589 Acrotaao

80 2603 283 2671 Aventinum.
327 2605 495 2672 Arentinus
519 2603 576 2669 Pal
599 2605 706 2671 tinum.
738 2604 901 2672 Palatinus
922 2603 1078 2674 Amulium
1100 2618 1133 2670 et
1153 2603 1224 2672 Nu-

80 2690 242 2755 mitorem.
284 2688 423 2758 Amulius
443 2690 557 2776 genuit
577 2627 665 2757 lliam
691 2690 909 2770 sacerdotem,
942 2713 1013 2758 cum
1042 2711 1105 2776 qua
1134 2689 1223 2756 Mars

81 2775 352 2852 concubuit,‚et
387 2774 503 2862 genuit
528 2775 701 2862 Romulum
732 2789 765 2845 et
793 2777 940 2844 Remum.
983 2775 1111 2843 Romuli
1141 2797 1223 2843 uxor

79 2861 244 2940 Hersilia,
276 2857 318 2923 de
341 2860 430 2964 cujus
450 2861 548 2947 stirpe
569 2861 628 2928 fuit
647 2862 756 2928 lulius.
1165 2920 1168 2929 .

165 2947 253 3014 ‘ltem
287 2945 434 3033 Jupprter
466 2946 638 3014 concubuit
669 2970 742 3020 cum
770 2967 832 3012 una
862 2945 904 3014 de
931 2958 1068 3036 quatuor
1095 2947 1264 3020 filiabus25

78 3027 235 3116 Atlantis,
275 3053 407 3118 quarum
441 3031 567 3098 nomina
598 3053 660 3098 non
691 3032 863 3119 legentum
901 3036 1077 3121 genuitque
1111 3056 1149 3098 ex
1182 3055 1222 3096 ea

79 3118 267 3184 Tantalum·
310 3117 464 3186 Tantalus
486 3117 528 3183 de
548 3118 686 3205 Sterope
707 3117 820 3205 genuit
847 3118 974 3186 Nioben
1003 3131 1036 3186 et
1057 3118 1221 3204 Pelopem.

22 3255 26 3262 .
61 3204 202 3292 ‘Pelops
225 3201 269 3267 de
289 3203 522 3290 Hippodamia,
545 3203 607 3276 filia
625 3204 800 3284 Oenomai,
830 3226 914 3292 quae
935 3203 1009 3271 vicit
1030 3204 1129 3270 curuli
1151 3223 1221 3268 cer-

80 3291 203 3356 tamine
225 3287 339 3354 auxilio
362 3290 496 3379 Myrtili,
525 3290 638 3376 genuit
660 3293 791 3367 Atreum
819 3303 853 3358 et
879 3290 933 3356 Th
955 3301 1063 3358 estem.
1108 3291 1239 3354 Atreus„

84 3376 358 3458 Agamemnonem
387 3387 420 3442 et
447 3375 636 3441 Menelaum.
676 3375 839 3445 Menelaus
862 3372 904 3441 de
960 3376 1050 3442 elena
1070 3373 1263 3450 Hermio-30

85 3479 172 3526 nem.
212 3463 430 3548 Agamemnon
460 3461 503 3526 de
529 3461 763 3551 clytemnestra
784 3463 932 3529 Orestem
957 3477 990 3528 et
1010 3459 1220 3548 Iphigeniam.

171 3543 272 3637 Major
302 3547 435 3628 Thetis,
464 3563 544 3614 uxor
570 3548 710 3627 Oceani,
733 3610 735 3616 ,
765 3549 852 3615 enuit
872 3546 1058 3624 Thetidem,
1088 3560 1221 3612 matrem

80 3629 297 3710 Achillis,'et
328 3632 521 3720 Clymenem.
566 3631 719 3721 Clymeno
738 3569 799 3702 luit
820 3639 902 3700 uxor
922 3633 1023 3705 Solis,
1055 3643 1087 3697 et
1108 3631 1221 3718 genuit

79 3719 296 3786 Phaethonta.
339 3717 419 3788 Itum
441 3718 554 3805 genuit
574 3721 712 3785 Aeetam.
746 3721 862 3788 Aeetas
885 3719 1060 3784 Theseum.
1095 3716 1220 3804 Neptu-

79 3826 140 3870 nus
162 3803 277 3887 genuit
295 3803 448 3890 Aegeum.
493 3807 621 3889 Aegeus
643 3803 814 3871 Theseum.
857 3804 1005 3872 Theseus
1030 3799 1072 3866 de
1092 3802 1261 3890 ffippo-35

76 3890 163 4040 ἔξω,
199 3890 312 4042 rpginu
339 3895 552 3970 Amazonum,
581 3889 695 3978 genuit
715 3890 932 3980 Hippolytum.
986 3886 1082 3958 idum
1106 3891 1219 3975 genuit

111 3997 183 4042 emo
231 3985 337 4043 conta.
382 4019 389 4038 .
1227 4037 1229 4042 .

164 3999 248 4136 Idem
277 4059 423 4147 Juppiter
453 4061 626 4128 concubuit
647 4084 720 4128 cum
741 4060 930 4137 Alcumena,
960 4079 1061 4126 uxore
1089 4059 1217 4149 Amphi-

74 4147 218 4235 tryonis,
249 4158 283 4214 et
303 4147 416 4234 genuit
436 4146 620 4214 Herculem.
662 4146 820 4235 Hercules
843 4142 885 4208 de
908 4143 1059 4210 Deianira
1078 4139 1217 4234 Hyllum.

72 4238 213 4320 Agenor
242 4233 356 4320 genuit
386 4229 561 4314 Cadmum,
596 4233 781 4320 Europam,
817 4229 965 4312 Cilicem,
1008 4231 1257 4320 Phoenicem.ao
1384 4295 1386 4320 2
