2698 4804
127 209 133 232 ⁹
171 189 254 266 ²48
440 189 623 292 Myssloen
651 189 723 266 111«
779 187 844 267 15·
870 181 873 190 Ι
897 189 1037 268 ΛἈὸο
1316 265 1318 296 1

172 375 267 462 nique
287 382 321 446 et
341 369 514 464 Apollinem
535 371 774 474 Herculemque
795 349 960 460 propitiat,
989 372 1092 466 idest
1110 368 1275 459 sapientiam
1318 314 1319 404 l

172 472 207 528 et
227 459 386 526 virtutem.
435 457 530 546 Ergo
559 467 753 546 praesumtio
776 470 879 525 semet
904 461 1005 547 ipsam
1026 458 1066 526 ad
1087 469 1209 530 mortem
1227 476 1276 540 pro

173 545 278 612 anima
299 543 408 633 objicit
422 573 426 580 ·
439 555 473 610 ut
494 541 638 624 Alceste3
669 541 703 608 id
725 555 784 622 est,
819 543 1000 613 animositas
1022 567 1078 634 pro
1097 538 1276 610 delendcndo
1319 545 1320 556 ¹

159 632 285 720 ‘vigore
305 629 429 709 animae
449 625 589 718 pericula
610 628 742 695 libenter
761 629 911 711 incurrit;
933 654 1027 719 quam
1039 641 1164 708 tamen,
1183 646 1278 713 quam·

147 717 217 783 svis
236 716 269 781 in
290 715 431 803 periculo
452 713 562 780 mamis
583 710 805 797 deficientem,
841 714 940 785 virtus
961 715 1003 784 de
1030 715 1134 782 inferis
1153 719 1277 788 revocat,

172 800 375 874 utAloesten
397 798 565 867 Hercules.
629 859 632 864 .
979 801 1007 838 ²
1148 827 1150 830 ·

254 888 284 952 4.
328 886 485 974 Denique,
508 895 545 951 ut
565 883 609 950 eit
630 884 772 964 Servius,
794 886 952 954 Hercules
974 884 1060 976 apud
1103 878 1281 947 rudentiores
1320 881 1321 886 ’

171 977 277 1040 mente
305 971 408 1062 magis
436 992 533 1122 auam
560 969 815 1058 corpore'lortis
845 971 1023 1052 inducitur,
1059 907 1138 1038 adeo
1170 976 1204 1032 ut
1229 959 1282 1028 llll

172 1057 241 1208 pjus
266 1056 434 1123 laboresa
485 1053 604 1143 aliquid
633 1055 748 1121 referri
777 1059 908 1145 possint.
964 1058 1049 1127 Nam
1084 1075 1179 1143 quum
1208 1049 1283 1137 plura.
1317 1103 1321 1112 .

43 1145 46 1156 “
105 1173 107 1179 ·
133 1161 167 1208 ru
189 1143 305 1224 ecerit,
333 1154 440 1209 tumen
461 1139 527 1206 XII
548 1141 723 1208 tantumei
752 1139 956 1294 assignantur
986 1136 1211 1232 proprement
1230 1131 1282 1197 llll

173 1229 275 1316 signa.
330 1227 451 1294 Docuit
480 1226 564 1292 enim
594 1225 681 1293 Atlas
716 1225 890 1296 Heronem
928 1229 1160 1296 astronomiam.
1205 1217 1307 1286 Unde«

174 1327 208 1382 et
227 1313 362 1402 fingitur
376 1309 679 1380 Hercules'caelum
701 1313 887 1382 sustinuisse
910 1316 952 1380 ab
974 1315 1098 1382 Atlante
1111 1317 1285 1396 susceptum

174 1412 306 1488 propter
341 1399 421 1465 oeeli
452 1397 598 1465 videlicet
633 1396 799 1466 scientiam
827 1398 986 1468 traditam.
1045 1401 1179 1486 Constat
1209 1390 1286 1488 enirn
1326 1411 1328 1506 l

105 1481 1286 1572 'mmmfflmmmmmwwm

133 1583 316 1644 remonstra
337 1569 389 1637 illa
411 1569 523 1636 vicisse
544 1567 679 1636 dicatur.
731 1565 817 1637 Num
845 1570 933 1662 quod
959 1573 1113 1641 uouisse·
1127 1569 1167 1636 ab
1195 1558 1287 1629 inlotis
1327 1535 1329 1612 l

172 1657 352 1726 Cerberum
375 1653 508 1736 dicitur,
540 1653 624 1720 baec
653 1653 735 1720 ratio
754 1667 824 1736 est,
877 1655 942 1724 uod
978 1680 1090 1740 omnes
1121 1649 1287 1740 cupiditates
1329 1658 1330 1742 l

173 1754 208 1811 et
228 1753 345 1809 cuncto
366 1740 439 1808 vitia
457 1752 587 1808 terrena
608 1741 776 1810 contemsit
796 1755 830 1810 et
850 1681 986 1811 domuit
1040 1743 1126 1810 Nem
1147 1737 1288 1805 Cerberus
1321 1755 1331 1812 ¹,

174 1840 261 1895 terra
283 1837 351 1906 est,
381 1824 489 1893 idest
516 1825 711 1916 consumtrix
741 1827 882 1896 omnium
911 1851 1094 1918 corporum.
1154 1820 1241 1890 Unde
1263 1824 1290 1880 el
1330 1813 1331 1854 ³

174 1913 340 1980 Cerberus
362 1909 466 1978 dictus
489 1924 539 1977 est
560 1911 652 2014 quasi
688 1906 868 2001 κρεοβόρος
895 1935 1018 1980 earnes
1041 1933 1179 1979 vorans.
1215 1901 1289 1986 Idem
1331 1904 1332 1948 l

132 2011 210 2064 suet
231 1999 251 2063 b
275 1996 366 2065 duam
388 1996 553 2064 exustione
573 1996 741 2066 interiecit.
785 1999 862 2066 Fuit
882 2010 989 2066 autern
1010 1997 1117 2088 hydra
1137 1988 1291 2064 secundnm
1332 2026 1333 2072 p

174 2021 316 2149 fabulam
337 2104 470 2171 serpens
490 2084 522 2148 in
540 2083 666 2157 Lerna,
688 2083 877 2172 Argivorum
899 2083 1027 2174 palude,
1049 2083 1105 2149 cui
1130 2104 1192 2148 unu
1214 2091 1290 2171 caes?
1333 2148 1334 2170 ,

175 2169 279 2258 eapite
300 2167 361 2236 tria
384 2191 421 2235 ca
444 2169 489 2235 ita
510 2168 749 2236 excrescebant
805 2168 903 2237 Unde
932 2183 966 2238 et
996 2181 1171 2236 excetrae
1191 2161 1292 2230 Latine
1333 2173 1334 2186 ¹

175 2254 262 2322 diota
292 2265 352 2322 est
434 2252 475 2320 ed
505 2265 647 2334 constat,
682 2254 830 2345 Hydram
859 2256 965 2322 locum
994 2255 1096 2330 luisse
1118 2257 1293 2319 evomentem
1334 2270 1335 2330 v

139 2349 143 2362 ⁴
174 2362 285 2430 aquas,
307 2341 440 2407 vicinam
463 2351 622 2409 vastantes
643 2338 812 2422 civitatem,
831 2341 863 2407 in
886 2364 961 2430 quo,
980 2361 1044 2406 uno
1065 2351 1173 2407 meatu
1194 2334 1294 2428 clausos
1335 2392 1336 2430 ,

133 2427 265 2516 semulti
295 2428 514 2514 erumpebant
577 2423 675 2500 Quod
706 2423 865 2493 Hercules
894 2424 1022 2506 videns,
1056 2420 1250 2492 racemum
1270 2434 1293 2477 1¹¹
1335 2433 1336 2454 ¹

175 2511 311 2579 circuitu
334 2511 470 2591 exussit,
505 2511 606 2579 etsie
627 2532 732 2596 aquae
754 2511 866 2578 clausit
887 2523 1024 2579 meatus.
1074 2511 1163 2578 Nam
1198 2499 1295 2602 Hyris?

175 2601 216 2664 ab
238 2595 343 2685 ὕδωρ,
361 2595 395 2662 id
416 2607 465 2662 est
485 2619 594 2686 aqua,
624 2593 711 2662 diota
732 2609 791 2666 est
834 2597 986 2666 Potuisse
1007 2604 1120 2668 autem
1138 2597 1202 2664 hoc
1232 2591 1296 2664 ficu

176 2683 328 2771 Virgilius
350 2681 487 2761 indicat,
519 2681 574 2746 ubi
596 2677 690 2747 mett:
778 2669 786 2704 ¹
1316 2713 1321 2718 .

261 2767 480 2870 Exsequitur
500 2765 647 2844 vitium,
675 2776 781 2917 arpos
801 2753 952 2835 essuriret
972 2767 1119 2834 inutilis
1141 2751 1267 2831 mmor.

136 2852 308 2924 eobobeloi
330 2866 425 2920 otram
447 2850 581 2918 alterum
603 2871 703 2918 corun
736 2853 870 2941 regisse,
893 2852 1074 2921 etfrootum
1087 2851 1212 2940 Copiae
1225 2837 1298 2909 dedi*

177 2959 270 3004 casse
281 2939 412 3019 dicitnr3
424 2938 508 3024 quia,
518 2949 552 3002 ut
561 2937 659 3027 ajunt,
672 2938 805 3006 alueum
813 2940 880 3030 ejus
889 2940 1021 3020 alveum,
1032 2938 1127 3028 cujus
1136 2957 1194 3003 eru
1216 2932 1300 2998 tiones

175 3023 367 3090 immodicae
386 3035 483 3110 agros
505 3024 693 3104 obruebant
715 3026 887 3092 exsiccavit
907 3025 1107 3112 fertilemque
1127 2957 1269 3089 reddidit
1299 3050 1302 3056 ·

260 3114 292 3176 b.
334 3109 457 3184 Sedet
481 3109 679 3196 Hesperides
701 3108 801 3177 sertus·
822 3111 992 3200 spoliasse,
1024 3109 1069 3176 de
1099 3109 1218 3196 quibus
1235 3103 1301 3168 beel

178 3193 255 3260 datu
276 3207 326 3262 est
349 3193 465 3258 fabula.
521 3193 737 3284 Hesperides,
777 3187 908 3263 Atlantis
930 3197 1032 3276 filiae,
1067 3195 1160 3282 regis
1183 3189 1301 3262 africae,

137 3281 306 3349 sabertum
331 3281 529 3358 habuerunt,
559 3281 591 3344 in
611 3302 675 3366 quo
697 3293 789 3349 erant
817 3282 900 3348 male
932 3303 1031 3350 aurea
1053 3279 1176 3346 Veneri
1207 3288 1303 3365 conse

106 3389 111 3404 ·
179 3379 287 3446 orate,
309 3387 392 3453 quac
416 3364 591 3443 Hercules,
613 3365 726 3434 missus
748 3368 789 3431 ab
811 3367 1012 3469 Euipstbeo,
1041 3367 1155 3432 occiso
1177 3350 1304 3504 pervigil

21 3477 23 3521 l
97 3445 105 3453 ⁸
179 3453 343 3534 dmoone,
391 3451 523 3517 sustulit.
581 3451 709 3516 Revera
745 3462 853 3518 eutem
881 3465 974 3542 Juxta
1011 3452 1161 3518 Servium
1201 3443 1304 3515 nobleS

180 3539 311 3604 luerunt
345 3536 485 3625 puellae,
525 3537 659 3622 quarum
686 3554 808 3624 greges
838 3539 949 3625 abegit
991 3537 1172 3616 Hercules,
1215 3526 1306 3599 occiso

180 3647 291 3694 eurum
314 3623 470 3702 custode3
492 3621 578 3688 unde
599 3623 693 3709 μῆλα
713 3623 847 3709 fingitur
867 3623 1050 3700 sustulisse,
1068 3624 1135 3689 hoo
1152 3633 1209 3688 est
1229 3629 1306 3685 oves3

140 3728 255 3778 sonam
288 3731 364 3774 ovea
405 3709 499 3795 μῆλα
537 3706 707 3788 (Ιίουιῐῑυνζ
741 3709 816 3788 inde
845 3711 939 3776 etiam
970 3703 1175 3806 μηλονὸμος
1210 3699 1309 3770 diebu

178 3806 302 3882 pastor
322 3797 448 3860 cvirrrrr.
490 3793 543 3858 De
561 3793 628 3864 ,hoo
649 3804 755 3861 temon
777 3795 932 3882 figmento
954 3793 1098 3860 subtilius
1126 3793 1230 3861 sentit
1244 3779 1308 3854 Ful-

152 3880 320 3962 gentius.
348 3881 522 3952 ι(ἑιιιιῑιιοτ
555 3880 655 3954 enirn,
690 3881 749 3958 ait,
789 3878 987 3969 Hesperides
1021 3879 1175 3945 dicuntur
1213 3868 1311 3957 Aegio

184 3965 356 4050 Hesperis,
378 3962 515 4030 Medusa
538 3976 572 4032 et
591 3965 798 4046 Phaethusa,
835 3991 914 4054 quas
942 3989 1002 4032 uns
1030 3964 1149 4032 helino
1172 3961 1311 4031 studium

184 4051 392 4129 intellectum,
432 4051 618 4116 memoriam
646 4063 688 4117 et
707 4050 888 4134 facundiam
926 4052 1093 4117 dicimus
1120 4049 1179 4116 De
1212 4049 1313 4114 irarum

144 4135 279 4206 osberto
302 4157 401 4199 aurea
423 4136 506 4201 mala
540 4134 626 4202 tollit‘
648 4135 824 4217 Hercules,
864 4139 940 4226 quia
961 4160 1018 4225 per
1038 4137 1095 4203 bas
1116 4135 1161 4205 ad
1185 4134 1313 4224 pbiloso-

72 4269 84 4292 ,
186 4220 290 4309 pbiam
312 4220 529 4306 pervenitur„
556 4222 701 4307 Primum
729 4227 866 4312 nanipuo
887 4237 942 4300 est=
961 4219 1109 4303 studere,
1142 4215 1313 4289 secundum
