<?xml version="1.0" encoding="UTF-8"?>
<!DOCTYPE html PUBLIC "-//W3C//DTD XHTML 1.0 Transitional//EN"
    "http://www.w3.org/TR/xhtml1/DTD/xhtml1-transitional.dtd">
<html xmlns="http://www.w3.org/1999/xhtml" xml:lang="en" lang="en">
 <head>
  <title>
</title>
<meta http-equiv="Content-Type" content="text/html;charset=utf-8" />
  <meta name='ocr-system' content='tesseract 3.04.00' />
  <meta name='ocr-capabilities' content='ocr_page ocr_carea ocr_par ocr_line ocrx_word'/>
</head>
<body>
  <div class='ocr_page' id='page_1' title='image "./scriptoresrerum01bodegoog_0121.png"; bbox 0 0 2716 4794; ppageno 0'>
   <div class='ocr_carea' id='block_1_1' title="bbox 162 127 1076 280">
    <p class='ocr_par' dir='ltr' id='par_1_1' title="bbox 162 127 1076 280">
     <span class='ocr_line' id='line_1_1' title="bbox 162 127 1076 280; baseline 0.002 -32"><span class='ocrx_word' id='word_1_1' title='bbox 162 145 255 248; x_wconf 82' lang='lat' dir='ltr'><strong>oa&#39;</strong></span> <span class='ocrx_word' id='word_1_2' title='bbox 420 244 422 248; x_wconf 81' lang='grc'><strong>,</strong></span> <span class='ocrx_word' id='word_1_3' title='bbox 464 127 657 274; x_wconf 52' lang='lat' dir='ltr'><strong>,ayant</strong></span> <span class='ocrx_word' id='word_1_4' title='bbox 693 171 772 258; x_wconf 79' lang='lat' dir='ltr'><strong>lt·</strong></span> <span class='ocrx_word' id='word_1_5' title='bbox 802 169 1011 258; x_wconf 37' lang='lat' dir='ltr'><strong>rsa-ean.</strong></span> <span class='ocrx_word' id='word_1_6' title='bbox 1074 275 1076 280; x_wconf 14' lang='grc' dir='ltr'>ι</span> 
     </span>
    </p>
   </div>
   <div class='ocr_carea' id='block_1_2' title="bbox 52 355 1349 1304">
    <p class='ocr_par' dir='ltr' id='par_1_2' title="bbox 158 355 1291 460">
     <span class='ocr_line' id='line_1_2' title="bbox 158 355 1291 460; baseline 0.005 -36"><span class='ocrx_word' id='word_1_7' title='bbox 158 357 260 444; x_wconf 80' lang='lat' dir='ltr'><strong>incisa</strong></span> <span class='ocrx_word' id='word_1_8' title='bbox 282 357 417 437; x_wconf 87' lang='lat' dir='ltr'><strong>arbore,</strong></span> <span class='ocrx_word' id='word_1_9' title='bbox 436 377 498 424; x_wconf 85' lang='lat' dir='ltr'><strong>vox</strong></span> <span class='ocrx_word' id='word_1_10' title='bbox 523 355 678 445; x_wconf 79' lang='lat' dir='ltr'>erumpit,</span> <span class='ocrx_word' id='word_1_11' title='bbox 697 366 732 424; x_wconf 93' lang='lat' dir='ltr'><strong>et</strong></span> <span class='ocrx_word' id='word_1_12' title='bbox 747 357 879 460; x_wconf 69' lang='lat' dir='ltr'><strong>sanguis</strong></span> <span class='ocrx_word' id='word_1_13' title='bbox 900 357 1065 446; x_wconf 84' lang='lat' dir='ltr'><strong>emanat);</strong></span> <span class='ocrx_word' id='word_1_14' title='bbox 1088 359 1291 448; x_wconf 71' lang='lat' dir='ltr'><strong>virgdtornm</strong></span> 
     </span>
    </p>

    <p class='ocr_par' dir='ltr' id='par_1_3' title="bbox 159 440 1291 534">
     <span class='ocr_line' id='line_1_3' title="bbox 159 440 1291 534; baseline 0 -22"><span class='ocrx_word' id='word_1_15' title='bbox 159 455 267 512; x_wconf 85' lang='lat' dir='ltr'><strong>autern</strong></span> <span class='ocrx_word' id='word_1_16' title='bbox 297 457 332 520; x_wconf 86' lang='lat' dir='ltr'><strong>et</strong></span> <span class='ocrx_word' id='word_1_17' title='bbox 357 446 492 520; x_wconf 90' lang='lat' dir='ltr'><strong>florum,</strong></span> <span class='ocrx_word' id='word_1_18' title='bbox 529 440 702 531; x_wconf 79' lang='lat' dir='ltr'><strong>Napaeae3</strong></span> <span class='ocrx_word' id='word_1_19' title='bbox 736 443 889 523; x_wconf 75' lang='lat' dir='ltr'><strong>fontium,</strong></span> <span class='ocrx_word' id='word_1_20' title='bbox 922 443 1084 534; x_wconf 80' lang='lat' dir='ltr'><strong>Najades3</strong></span> <span class='ocrx_word' id='word_1_21' title='bbox 1120 446 1291 524; x_wconf 87' lang='lat' dir='ltr'><strong>fluminum,</strong></span> 
     </span>
    </p>

    <p class='ocr_par' dir='ltr' id='par_1_4' title="bbox 158 527 1291 620">
     <span class='ocr_line' id='line_1_4' title="bbox 158 527 1291 620; baseline 0.005 -26"><span class='ocrx_word' id='word_1_22' title='bbox 158 527 384 610; x_wconf 75' lang='lat' dir='ltr'><strong>Botame&#39;r&#39;des&#39;3</strong></span> <span class='ocrx_word' id='word_1_23' title='bbox 412 527 507 610; x_wconf 76' lang='lat' dir='ltr'><strong>maris</strong></span> <span class='ocrx_word' id='word_1_24' title='bbox 537 550 632 608; x_wconf 86' lang='lat' dir='ltr'><strong>vero,</strong></span> <span class='ocrx_word' id='word_1_25' title='bbox 665 527 834 610; x_wconf 75' lang='lat' dir='ltr'><strong>Nereides</strong></span> <span class='ocrx_word' id='word_1_26' title='bbox 884 529 969 596; x_wconf 87' lang='lat' dir='ltr'><strong>Sunt</strong></span> <span class='ocrx_word' id='word_1_27' title='bbox 1000 541 1108 606; x_wconf 87' lang='lat' dir='ltr'><strong>autem</strong></span> <span class='ocrx_word' id='word_1_28' title='bbox 1137 531 1291 620; x_wconf 81' lang='lat' dir='ltr'><strong>quaedam</strong></span> 
     </span>
    </p>

    <p class='ocr_par' dir='ltr' id='par_1_5' title="bbox 52 612 1349 784">
     <span class='ocr_line' id='line_1_5' title="bbox 52 612 1349 704; baseline 0.008 -24"><span class='ocrx_word' id='word_1_29' title='bbox 52 635 55 642; x_wconf 84' lang='lat'>·</span> <span class='ocrx_word' id='word_1_30' title='bbox 158 614 241 680; x_wconf 87' lang='lat' dir='ltr'><strong>deae</strong></span> <span class='ocrx_word' id='word_1_31' title='bbox 261 615 402 702; x_wconf 80' lang='lat' dir='ltr'><strong>topicae,</strong></span> <span class='ocrx_word' id='word_1_32' title='bbox 434 614 467 679; x_wconf 90' lang='lat' dir='ltr'><strong>id</strong></span> <span class='ocrx_word' id='word_1_33' title='bbox 495 624 545 681; x_wconf 88' lang='lat' dir='ltr'><strong>est</strong></span> <span class='ocrx_word' id='word_1_34' title='bbox 564 613 702 696; x_wconf 69' lang='lat' dir='ltr'><strong>locales,</strong></span> <span class='ocrx_word' id='word_1_35' title='bbox 742 636 826 704; x_wconf 85' lang='lat' dir='ltr'><strong>quae</strong></span> <span class='ocrx_word' id='word_1_36' title='bbox 853 612 985 681; x_wconf 88' lang='lat' dir='ltr'><strong>adalia</strong></span> <span class='ocrx_word' id='word_1_37' title='bbox 1012 615 1291 686; x_wconf 87' lang='lat' dir='ltr'><strong>locenontrans-</strong></span> <span class='ocrx_word' id='word_1_38' title='bbox 1348 687 1349 690; x_wconf 74' lang='grc'>,</span> 
     </span>
     <span class='ocr_line' id='line_1_6' title="bbox 133 696 1349 784; baseline 0 -14"><span class='ocrx_word' id='word_1_39' title='bbox 133 712 254 778; x_wconf 72' lang='lat' dir='ltr'><strong>aeont,</strong></span> <span class='ocrx_word' id='word_1_40' title='bbox 285 713 320 767; x_wconf 89' lang='lat' dir='ltr'><strong>ut</strong></span> <span class='ocrx_word' id='word_1_41' title='bbox 348 700 509 784; x_wconf 76' lang='lat' dir='ltr'><strong>Morio-a,</strong></span> <span class='ocrx_word' id='word_1_42' title='bbox 543 696 605 765; x_wconf 92' lang='lat' dir='ltr'><strong>dea</strong></span> <span class='ocrx_word' id='word_1_43' title='bbox 626 699 750 767; x_wconf 88' lang='lat' dir='ltr'><strong>litorum</strong></span> <span class='ocrx_word' id='word_1_44' title='bbox 772 699 1061 782; x_wconf 84' lang='lat' dir='ltr'><strong>Minturnensium,</strong></span> <span class='ocrx_word' id='word_1_45' title='bbox 1085 700 1170 770; x_wconf 84' lang='lat' dir='ltr'><strong>&#39;uxta</strong></span> <span class='ocrx_word' id='word_1_46' title='bbox 1191 703 1290 774; x_wconf 83' lang='lat' dir='ltr'>Lirim</span> <span class='ocrx_word' id='word_1_47' title='bbox 1347 709 1349 738; x_wconf 71' lang='lat'><strong>³</strong></span> 
     </span>
    </p>

    <p class='ocr_par' dir='ltr' id='par_1_6' title="bbox 92 777 1349 1220">
     <span class='ocr_line' id='line_1_7' title="bbox 92 777 1290 873; baseline 0.003 -21"><span class='ocrx_word' id='word_1_48' title='bbox 92 861 98 872; x_wconf 35' lang='grc' dir='ltr'>Ι</span> <span class='ocrx_word' id='word_1_49' title='bbox 158 786 286 852; x_wconf 85' lang='lat' dir='ltr'><strong>flurium</strong></span> <span class='ocrx_word' id='word_1_50' title='bbox 311 783 463 852; x_wconf 88' lang='lat' dir='ltr'><strong>habitans.</strong></span> <span class='ocrx_word' id='word_1_51' title='bbox 507 783 604 858; x_wconf 81' lang='lat' dir='ltr'><strong>Quod</strong></span> <span class='ocrx_word' id='word_1_52' title='bbox 626 797 732 851; x_wconf 81' lang='lat' dir='ltr'><strong>autent</strong></span> <span class='ocrx_word' id='word_1_53' title='bbox 753 786 871 873; x_wconf 72' lang='lat' dir='ltr'><strong>politae)</strong></span> <span class='ocrx_word' id='word_1_54' title='bbox 892 785 1040 854; x_wconf 84' lang='lat' dir='ltr'><strong>invocant</strong></span> <span class='ocrx_word' id='word_1_55' title='bbox 1097 811 1189 866; x_wconf 87' lang='lat' dir='ltr'><strong>usne,</strong></span> <span class='ocrx_word' id='word_1_56' title='bbox 1211 777 1290 856; x_wconf 90' lang='lat' dir='ltr'><strong>haec</strong></span> 
     </span>
     <span class='ocr_line' id='line_1_8' title="bbox 158 867 1349 962; baseline 0.007 -26"><span class='ocrx_word' id='word_1_57' title='bbox 158 883 208 938; x_wconf 90' lang='lat' dir='ltr'><strong>est</strong></span> <span class='ocrx_word' id='word_1_58' title='bbox 229 870 326 950; x_wconf 87' lang='lat' dir='ltr'><strong>ratio,</strong></span> <span class='ocrx_word' id='word_1_59' title='bbox 348 867 461 956; x_wconf 68' lang='lat' dir='ltr'><strong>quod,</strong></span> <span class='ocrx_word' id='word_1_60' title='bbox 483 869 659 936; x_wconf 90' lang='lat' dir='ltr'><strong>secundum</strong></span> <span class='ocrx_word' id='word_1_61' title='bbox 683 869 876 956; x_wconf 78' lang='lat' dir='ltr'><strong>Varronem,</strong></span> <span class='ocrx_word' id='word_1_62' title='bbox 910 870 1000 959; x_wconf 80' lang='lat' dir='ltr'><strong>ipsae</strong></span> <span class='ocrx_word' id='word_1_63' title='bbox 1021 884 1095 940; x_wconf 88' lang='lat' dir='ltr'><strong>sunt</strong></span> <span class='ocrx_word' id='word_1_64' title='bbox 1111 871 1289 962; x_wconf 80' lang='lat' dir='ltr'><strong>Nymphae,</strong></span> <span class='ocrx_word' id='word_1_65' title='bbox 1347 915 1349 944; x_wconf 64' lang='grc' dir='ltr'>ε</span> 
     </span>
     <span class='ocr_line' id='line_1_9' title="bbox 158 953 1349 1044; baseline 0 -22"><span class='ocrx_word' id='word_1_66' title='bbox 158 979 242 1044; x_wconf 85' lang='lat' dir='ltr'><strong>quae</strong></span> <span class='ocrx_word' id='word_1_67' title='bbox 271 969 304 1024; x_wconf 93' lang='lat' dir='ltr'><strong>et</strong></span> <span class='ocrx_word' id='word_1_68' title='bbox 337 957 459 1021; x_wconf 85' lang='lat' dir='ltr'><strong>Musae.</strong></span> <span class='ocrx_word' id='word_1_69' title='bbox 516 953 817 1034; x_wconf 84' lang='lat' dir='ltr'><strong>Sane&#39;sciendnm,</strong></span> <span class='ocrx_word' id='word_1_70' title='bbox 855 955 942 1043; x_wconf 89' lang='lat' dir='ltr'><strong>quod</strong></span> <span class='ocrx_word' id='word_1_71' title='bbox 973 955 1058 1024; x_wconf 91' lang='lat' dir='ltr'><strong>idem</strong></span> <span class='ocrx_word' id='word_1_72' title='bbox 1090 958 1192 1023; x_wconf 91' lang='lat' dir='ltr'><strong>Varro</strong></span> <span class='ocrx_word' id='word_1_73' title='bbox 1225 971 1290 1025; x_wconf 89' lang='lat' dir='ltr'><strong>tres</strong></span> <span class='ocrx_word' id='word_1_74' title='bbox 1347 1005 1349 1022; x_wconf 87' lang='lat'><strong>.</strong></span> 
     </span>
     <span class='ocr_line' id='line_1_10' title="bbox 111 1040 1349 1164; baseline 0 -54"><span class='ocrx_word' id='word_1_75' title='bbox 111 1079 121 1088; x_wconf 89' lang='lat'><em>-</em></span> <span class='ocrx_word' id='word_1_76' title='bbox 158 1052 279 1110; x_wconf 90' lang='lat' dir='ltr'><strong>tantum</strong></span> <span class='ocrx_word' id='word_1_77' title='bbox 301 1063 372 1108; x_wconf 85' lang='lat' dir='ltr'><strong>esse</strong></span> <span class='ocrx_word' id='word_1_78' title='bbox 394 1052 567 1121; x_wconf 87' lang='lat' dir='ltr'><strong>memorat;</strong></span> <span class='ocrx_word' id='word_1_79' title='bbox 588 1061 709 1124; x_wconf 79' lang='lat' dir='ltr'><strong>urrann,¹</strong></span> <span class='ocrx_word' id='word_1_80' title='bbox 731 1063 814 1130; x_wconf 88' lang='lat' dir='ltr'><strong>quae</strong></span> <span class='ocrx_word' id='word_1_81' title='bbox 836 1065 875 1107; x_wconf 85' lang='lat' dir='ltr'><strong>ex</strong></span> <span class='ocrx_word' id='word_1_82' title='bbox 897 1063 1001 1130; x_wconf 86' lang='lat' dir='ltr'><strong>aquae</strong></span> <span class='ocrx_word' id='word_1_83' title='bbox 1022 1040 1163 1112; x_wconf 75' lang='lat' dir='ltr'><strong>nascitur</strong></span> <span class='ocrx_word' id='word_1_84' title='bbox 1184 1056 1289 1126; x_wconf 82' lang='lat' dir='ltr'><strong>motu3</strong></span> <span class='ocrx_word' id='word_1_85' title='bbox 1347 1065 1349 1164; x_wconf 67' lang='lat' dir='ltr'><strong>p</strong></span> 
     </span>
     <span class='ocr_line' id='line_1_11' title="bbox 117 1125 1290 1220; baseline 0.007 -31"><span class='ocrx_word' id='word_1_86' title='bbox 117 1128 307 1207; x_wconf 87' lang='lat' dir='ltr'><strong>1oalteram,</strong></span> <span class='ocrx_word' id='word_1_87' title='bbox 340 1147 423 1214; x_wconf 86' lang='lat' dir='ltr'><strong>quae</strong></span> <span class='ocrx_word' id='word_1_88' title='bbox 447 1125 528 1191; x_wconf 71' lang='lat' dir='ltr'><strong>airis</strong></span> <span class='ocrx_word' id='word_1_89' title='bbox 556 1125 622 1196; x_wconf 92' lang='lat' dir='ltr'><strong>iotn</strong></span> <span class='ocrx_word' id='word_1_90' title='bbox 652 1149 749 1208; x_wconf 86' lang='lat' dir='ltr'><strong>sonos</strong></span> <span class='ocrx_word' id='word_1_91' title='bbox 772 1125 886 1210; x_wconf 88' lang='lat' dir='ltr'><strong>ellicit;</strong></span> <span class='ocrx_word' id='word_1_92' title='bbox 921 1127 1066 1212; x_wconf 84' lang='lat' dir='ltr'><strong>tertiam,</strong></span> <span class='ocrx_word' id='word_1_93' title='bbox 1099 1149 1183 1220; x_wconf 90' lang='lat' dir='ltr'><strong>quae</strong></span> <span class='ocrx_word' id='word_1_94' title='bbox 1204 1153 1290 1199; x_wconf 89' lang='lat' dir='ltr'><strong>mera</strong></span> 
     </span>
    </p>

    <p class='ocr_par' dir='ltr' id='par_1_7' title="bbox 124 1210 553 1304">
     <span class='ocr_line' id='line_1_12' title="bbox 124 1210 553 1304; baseline -0.007 -22"><span class='ocrx_word' id='word_1_95' title='bbox 124 1285 127 1294; x_wconf 78' lang='grc'>,</span> <span class='ocrx_word' id='word_1_96' title='bbox 150 1225 277 1304; x_wconf 24' lang='lat' dir='ltr'><strong>‚tantum</strong></span> <span class='ocrx_word' id='word_1_97' title='bbox 300 1233 378 1280; x_wconf 82' lang='lat' dir='ltr'><strong>voce</strong></span> <span class='ocrx_word' id='word_1_98' title='bbox 400 1210 553 1304; x_wconf 78' lang='lat' dir='ltr'><strong>consistit.</strong></span> 
     </span>
    </p>
   </div>
   <div class='ocr_carea' id='block_1_3' title="bbox 525 1373 922 1480">
    <p class='ocr_par' dir='ltr' id='par_1_8' title="bbox 525 1373 922 1480">
     <span class='ocr_line' id='line_1_13' title="bbox 525 1373 922 1480; baseline 0 -30"><span class='ocrx_word' id='word_1_99' title='bbox 525 1375 591 1468; x_wconf 78' lang='grc'><strong>51.</strong></span> <span class='ocrx_word' id='word_1_100' title='bbox 653 1373 922 1480; x_wconf 79' lang='lat' dir='ltr'><strong>Astraeus.</strong></span> 
     </span>
    </p>
   </div>
   <div class='ocr_carea' id='block_1_4' title="bbox 99 1496 1289 1940">
    <p class='ocr_par' dir='ltr' id='par_1_9' title="bbox 113 1496 1289 1853">
     <span class='ocr_line' id='line_1_14' title="bbox 139 1496 1289 1586; baseline -0.001 -11"><span class='ocrx_word' id='word_1_101' title='bbox 139 1527 142 1530; x_wconf 83' lang='lat'>·</span> <span class='ocrx_word' id='word_1_102' title='bbox 207 1573 210 1582; x_wconf 90' lang='grc'><em>,</em></span> <span class='ocrx_word' id='word_1_103' title='bbox 238 1513 407 1586; x_wconf 85' lang='lat' dir='ltr'><strong>Astraeus,</strong></span> <span class='ocrx_word' id='word_1_104' title='bbox 443 1529 524 1574; x_wconf 90' lang='lat' dir='ltr'><strong>unus</strong></span> <span class='ocrx_word' id='word_1_105' title='bbox 556 1496 613 1574; x_wconf 59' lang='lat' dir='ltr'><strong>de*</strong></span> <span class='ocrx_word' id='word_1_106' title='bbox 629 1503 820 1586; x_wconf 75' lang='lat' dir='ltr'><strong>Titanibus,</strong></span> <span class='ocrx_word' id='word_1_107' title='bbox 880 1506 912 1573; x_wconf 93' lang='lat' dir='ltr'><strong>ui</strong></span> <span class='ocrx_word' id='word_1_108' title='bbox 945 1514 1057 1573; x_wconf 88' lang='lat' dir='ltr'><strong>contra</strong></span> <span class='ocrx_word' id='word_1_109' title='bbox 1085 1503 1164 1574; x_wconf 86' lang='lat' dir='ltr'><strong>deos</strong></span> <span class='ocrx_word' id='word_1_110' title='bbox 1202 1528 1289 1574; x_wconf 90' lang='lat' dir='ltr'><strong>arma</strong></span> 
     </span>
     <span class='ocr_line' id='line_1_15' title="bbox 153 1590 1287 1674; baseline 0.002 -16"><span class='ocrx_word' id='word_1_111' title='bbox 153 1603 349 1668; x_wconf 69' lang='lat' dir='ltr'><strong>sumserunt.</strong></span> <span class='ocrx_word' id='word_1_112' title='bbox 384 1614 457 1662; x_wconf 89' lang='lat' dir='ltr'><strong>cum</strong></span> <span class='ocrx_word' id='word_1_113' title='bbox 486 1596 611 1660; x_wconf 88' lang='lat' dir='ltr'><strong>Aurora</strong></span> <span class='ocrx_word' id='word_1_114' title='bbox 632 1591 812 1660; x_wconf 87' lang='lat' dir='ltr'><strong>concubuit.</strong></span> <span class='ocrx_word' id='word_1_115' title='bbox 897 1590 960 1658; x_wconf 87' lang='lat' dir='ltr'><strong>nde</strong></span> <span class='ocrx_word' id='word_1_116' title='bbox 995 1592 1060 1658; x_wconf 84' lang='lat' dir='ltr'><strong>nati</strong></span> <span class='ocrx_word' id='word_1_117' title='bbox 1086 1604 1161 1660; x_wconf 90' lang='lat' dir='ltr'><strong>sunt</strong></span> <span class='ocrx_word' id='word_1_118' title='bbox 1195 1593 1287 1674; x_wconf 88' lang='lat' dir='ltr'><strong>renti,</strong></span> 
     </span>
     <span class='ocr_line' id='line_1_16' title="bbox 113 1677 1285 1767; baseline 0 -23"><span class='ocrx_word' id='word_1_119' title='bbox 113 1679 242 1767; x_wconf 76' lang='lat' dir='ltr'><strong>lejuxta</strong></span> <span class='ocrx_word' id='word_1_120' title='bbox 263 1677 451 1746; x_wconf 84' lang='lat' dir='ltr'><strong>Hesiodum.</strong></span> <span class='ocrx_word' id='word_1_121' title='bbox 493 1680 547 1746; x_wconf 85' lang='lat' dir='ltr'><strong>Re</strong></span> <span class='ocrx_word' id='word_1_122' title='bbox 567 1689 675 1747; x_wconf 85' lang='lat' dir='ltr'><strong>autem</strong></span> <span class='ocrx_word' id='word_1_123' title='bbox 695 1699 771 1745; x_wconf 84' lang='lat' dir='ltr'><strong>vera</strong></span> <span class='ocrx_word' id='word_1_124' title='bbox 790 1698 830 1742; x_wconf 82' lang='lat' dir='ltr'><strong>ex</strong></span> <span class='ocrx_word' id='word_1_125' title='bbox 848 1683 924 1744; x_wconf 72' lang='lat' dir='ltr'><strong>abre</strong></span> <span class='ocrx_word' id='word_1_126' title='bbox 947 1678 1067 1755; x_wconf 89' lang='lat' dir='ltr'><strong>nubes,</strong></span> <span class='ocrx_word' id='word_1_127' title='bbox 1089 1699 1128 1743; x_wconf 81' lang='lat' dir='ltr'><strong>ex</strong></span> <span class='ocrx_word' id='word_1_128' title='bbox 1150 1678 1285 1746; x_wconf 88' lang='lat' dir='ltr'><strong>nubibus</strong></span> 
     </span>
     <span class='ocr_line' id='line_1_17' title="bbox 155 1762 1286 1853; baseline 0 -23"><span class='ocrx_word' id='word_1_129' title='bbox 155 1788 256 1853; x_wconf 90' lang='lat' dir='ltr'><strong>aqna,</strong></span> <span class='ocrx_word' id='word_1_130' title='bbox 279 1789 318 1830; x_wconf 84' lang='lat' dir='ltr'><strong>ex</strong></span> <span class='ocrx_word' id='word_1_131' title='bbox 340 1787 445 1853; x_wconf 88' lang='lat' dir='ltr'><strong>aquae</strong></span> <span class='ocrx_word' id='word_1_132' title='bbox 465 1777 554 1833; x_wconf 88' lang='lat' dir='ltr'><strong>motu</strong></span> <span class='ocrx_word' id='word_1_133' title='bbox 576 1765 662 1831; x_wconf 88' lang='lat' dir='ltr'><strong>renti</strong></span> <span class='ocrx_word' id='word_1_134' title='bbox 681 1772 840 1830; x_wconf 88' lang='lat' dir='ltr'><strong>creantur.</strong></span> <span class='ocrx_word' id='word_1_135' title='bbox 889 1762 1017 1831; x_wconf 88' lang='lat' dir='ltr'><strong>Dicitur</strong></span> <span class='ocrx_word' id='word_1_136' title='bbox 1047 1773 1152 1830; x_wconf 87' lang='lat' dir='ltr'><strong>antem</strong></span> <span class='ocrx_word' id='word_1_137' title='bbox 1172 1765 1286 1830; x_wconf 80' lang='lat' dir='ltr'><strong>Aeolus</strong></span> 
     </span>
    </p>

    <p class='ocr_par' dir='ltr' id='par_1_10' title="bbox 99 1847 1286 1940">
     <span class='ocr_line' id='line_1_18' title="bbox 99 1847 1286 1940; baseline -0.003 -20"><span class='ocrx_word' id='word_1_138' title='bbox 99 1911 102 1920; x_wconf 88' lang='lat'><strong>.</strong></span> <span class='ocrx_word' id='word_1_139' title='bbox 153 1873 211 1918; x_wconf 83' lang='lat' dir='ltr'><strong>rex</strong></span> <span class='ocrx_word' id='word_1_140' title='bbox 234 1865 398 1920; x_wconf 84' lang='lat' dir='ltr'><strong>ventorum</strong></span> <span class='ocrx_word' id='word_1_141' title='bbox 421 1873 509 1933; x_wconf 86' lang='lat' dir='ltr'><strong>esse,</strong></span> <span class='ocrx_word' id='word_1_142' title='bbox 539 1871 715 1940; x_wconf 89' lang='lat' dir='ltr'><strong>eorumque</strong></span> <span class='ocrx_word' id='word_1_143' title='bbox 737 1848 878 1918; x_wconf 84' lang='lat' dir='ltr'><strong>furorem</strong></span> <span class='ocrx_word' id='word_1_144' title='bbox 900 1871 962 1916; x_wconf 90' lang='lat' dir='ltr'><strong>suo</strong></span> <span class='ocrx_word' id='word_1_145' title='bbox 990 1847 1123 1937; x_wconf 89' lang='lat' dir='ltr'><strong>imperio</strong></span> <span class='ocrx_word' id='word_1_146' title='bbox 1151 1848 1286 1918; x_wconf 80' lang='lat' dir='ltr'><strong>frenare.</strong></span> 
     </span>
    </p>
   </div>
   <div class='ocr_carea' id='block_1_5' title="bbox 540 1993 1006 2134">
    <p class='ocr_par' dir='ltr' id='par_1_11' title="bbox 540 1993 1006 2134">
     <span class='ocr_line' id='line_1_19' title="bbox 540 1993 1006 2134; baseline -0.006 -26"><span class='ocrx_word' id='word_1_147' title='bbox 540 2031 631 2108; x_wconf 45' lang='lat'><strong>52„</strong></span> <span class='ocrx_word' id='word_1_148' title='bbox 671 2028 895 2134; x_wconf 74' lang='lat' dir='ltr'><strong>Aeolus.</strong></span> <span class='ocrx_word' id='word_1_149' title='bbox 1001 1993 1006 2002; x_wconf 29' lang='grc' dir='ltr'><strong><em>ι</em></strong></span> 
     </span>
    </p>
   </div>
   <div class='ocr_carea' id='block_1_6' title="bbox 107 2159 1348 2776">
    <p class='ocr_par' dir='ltr' id='par_1_12' title="bbox 107 2159 1348 2776">
     <span class='ocr_line' id='line_1_20' title="bbox 236 2159 1285 2253; baseline 0 -25"><span class='ocrx_word' id='word_1_150' title='bbox 236 2161 382 2242; x_wconf 80' lang='lat' dir='ltr'><strong>Aeolus,¹</strong></span> <span class='ocrx_word' id='word_1_151' title='bbox 413 2161 578 2253; x_wconf 90' lang='lat' dir='ltr'><strong>Hippotae</strong></span> <span class='ocrx_word' id='word_1_152' title='bbox 604 2161 705 2243; x_wconf 90' lang='lat' dir='ltr'><strong>lilius,</strong></span> <span class='ocrx_word' id='word_1_153' title='bbox 739 2183 795 2228; x_wconf 82' lang='lat' dir='ltr'><strong>rex</strong></span> <span class='ocrx_word' id='word_1_154' title='bbox 827 2159 1002 2227; x_wconf 88' lang='lat' dir='ltr'><strong>insularum</strong></span> <span class='ocrx_word' id='word_1_155' title='bbox 1035 2182 1167 2242; x_wconf 85' lang='lat' dir='ltr'><strong>norem,</strong></span> <span class='ocrx_word' id='word_1_156' title='bbox 1204 2184 1285 2251; x_wconf 87' lang='lat' dir='ltr'><strong>quae</strong></span> 
     </span>
     <span class='ocr_line' id='line_1_21' title="bbox 111 2243 1286 2337; baseline -0.003 -21"><span class='ocrx_word' id='word_1_157' title='bbox 111 2258 227 2316; x_wconf 80' lang='lat' dir='ltr'><strong>aosunt</strong></span> <span class='ocrx_word' id='word_1_158' title='bbox 255 2263 330 2337; x_wconf 92' lang='lat' dir='ltr'><strong>post</strong></span> <span class='ocrx_word' id='word_1_159' title='bbox 359 2248 474 2316; x_wconf 88' lang='lat' dir='ltr'><strong>lretum</strong></span> <span class='ocrx_word' id='word_1_160' title='bbox 505 2246 649 2329; x_wconf 83' lang='lat' dir='ltr'><strong>Siciliae,</strong></span> <span class='ocrx_word' id='word_1_161' title='bbox 684 2269 767 2336; x_wconf 92' lang='lat' dir='ltr'><strong>quae</strong></span> <span class='ocrx_word' id='word_1_162' title='bbox 799 2247 840 2315; x_wconf 87' lang='lat' dir='ltr'><strong>ab</strong></span> <span class='ocrx_word' id='word_1_163' title='bbox 862 2267 901 2311; x_wconf 94' lang='lat' dir='ltr'><strong>eo</strong></span> <span class='ocrx_word' id='word_1_164' title='bbox 923 2243 1068 2312; x_wconf 85' lang='lat' dir='ltr'><strong>Aeoliae</strong></span> <span class='ocrx_word' id='word_1_165' title='bbox 1089 2246 1286 2336; x_wconf 75' lang='lat' dir='ltr'><strong>appellantur</strong></span> 
     </span>
     <span class='ocr_line' id='line_1_22' title="bbox 152 2329 1287 2423; baseline -0.003 -23"><span class='ocrx_word' id='word_1_166' title='bbox 152 2333 247 2420; x_wconf 77' lang='lat' dir='ltr'><strong>(lieet</strong></span> <span class='ocrx_word' id='word_1_167' title='bbox 268 2335 301 2405; x_wconf 79' lang='lat' dir='ltr'><strong>el</strong></span> <span class='ocrx_word' id='word_1_168' title='bbox 332 2334 461 2422; x_wconf 87' lang='lat' dir='ltr'><strong>propria</strong></span> <span class='ocrx_word' id='word_1_169' title='bbox 484 2333 610 2402; x_wconf 84' lang='lat' dir='ltr'><strong>nomina</strong></span> <span class='ocrx_word' id='word_1_170' title='bbox 631 2331 806 2416; x_wconf 69' lang='lat' dir='ltr'><strong>habeant),</strong></span> <span class='ocrx_word' id='word_1_171' title='bbox 842 2329 1000 2404; x_wconf 78' lang='lat' dir='ltr'><strong>a&#39;nebuhs</strong></span> <span class='ocrx_word' id='word_1_172' title='bbox 1013 2342 1057 2398; x_wconf 85' lang='lat' dir='ltr'><strong>et</strong></span> <span class='ocrx_word' id='word_1_173' title='bbox 1077 2332 1165 2423; x_wconf 86' lang='lat' dir='ltr'><strong>fumo</strong></span> <span class='ocrx_word' id='word_1_174' title='bbox 1193 2333 1235 2400; x_wconf 84' lang='lat' dir='ltr'><em>V</em></span> <span class='ocrx_word' id='word_1_175' title='bbox 1229 2333 1287 2401; x_wconf 79' lang='lat' dir='ltr'><strong>ul-</strong></span> 
     </span>
     <span class='ocr_line' id='line_1_23' title="bbox 147 2417 1348 2510; baseline 0.002 -28"><span class='ocrx_word' id='word_1_176' title='bbox 147 2420 274 2484; x_wconf 81' lang='lat' dir='ltr'><strong>eaniae</strong></span> <span class='ocrx_word' id='word_1_177' title='bbox 297 2418 453 2497; x_wconf 80' lang='lat' dir='ltr'><strong>irraulue3</strong></span> <span class='ocrx_word' id='word_1_178' title='bbox 480 2417 643 2510; x_wconf 70' lang='lat' dir='ltr'><strong>praedixit</strong></span> <span class='ocrx_word' id='word_1_179' title='bbox 657 2419 763 2486; x_wconf 81' lang='lat' dir='ltr'><strong>futura</strong></span> <span class='ocrx_word' id='word_1_180' title='bbox 784 2417 887 2484; x_wconf 81' lang='lat' dir='ltr'><strong>flabra</strong></span> <span class='ocrx_word' id='word_1_181' title='bbox 909 2427 1093 2500; x_wconf 66' lang='lat' dir='ltr'><strong>tentorum</strong></span> <span class='ocrx_word' id='word_1_182' title='bbox 1122 2417 1208 2486; x_wconf 87' lang='lat' dir='ltr'><strong>unde</strong></span> <span class='ocrx_word' id='word_1_183' title='bbox 1228 2419 1287 2484; x_wconf 89' lang='lat' dir='ltr'><strong>im-</strong></span> <span class='ocrx_word' id='word_1_184' title='bbox 1347 2453 1348 2456; x_wconf 39' lang='lat'>¹</span> 
     </span>
     <span class='ocr_line' id='line_1_24' title="bbox 149 2501 1286 2652; baseline 0.001 -84"><span class='ocrx_word' id='word_1_185' title='bbox 149 2503 259 2592; x_wconf 85' lang='lat' dir='ltr'><strong>peritis</strong></span> <span class='ocrx_word' id='word_1_186' title='bbox 299 2503 383 2570; x_wconf 84' lang='lat' dir='ltr'><strong>risus</strong></span> <span class='ocrx_word' id='word_1_187' title='bbox 421 2515 470 2572; x_wconf 91' lang='lat' dir='ltr'><strong>est</strong></span> <span class='ocrx_word' id='word_1_188' title='bbox 506 2509 616 2573; x_wconf 76' lang='lat' dir='ltr'><strong>ventos</strong></span> <span class='ocrx_word' id='word_1_189' title='bbox 650 2525 708 2569; x_wconf 87' lang='lat' dir='ltr'><strong>sua</strong></span> <span class='ocrx_word' id='word_1_190' title='bbox 738 2512 904 2652; x_wconf 81' lang='lat' dir='ltr'><strong>potestate</strong></span> <span class='ocrx_word' id='word_1_191' title='bbox 931 2501 1077 2568; x_wconf 89' lang='lat' dir='ltr'><strong>retinere.</strong></span> <span class='ocrx_word' id='word_1_192' title='bbox 1132 2505 1286 2591; x_wconf 82' lang='lat' dir='ltr'><strong>Pingitur</strong></span> 
     </span>
     <span class='ocr_line' id='line_1_25' title="bbox 120 2585 1285 2677; baseline 0.004 -27"><span class='ocrx_word' id='word_1_193' title='bbox 120 2666 123 2676; x_wconf 17' lang='grc' dir='ltr'><strong>ἢ</strong></span> <span class='ocrx_word' id='word_1_194' title='bbox 151 2610 288 2677; x_wconf 90' lang='lat' dir='ltr'><strong>namque</strong></span> <span class='ocrx_word' id='word_1_195' title='bbox 308 2611 328 2656; x_wconf 88' lang='lat' dir='ltr'><strong>a</strong></span> <span class='ocrx_word' id='word_1_196' title='bbox 349 2587 451 2676; x_wconf 73' lang='lat' dir='ltr'><strong>politis</strong></span> <span class='ocrx_word' id='word_1_197' title='bbox 474 2610 530 2657; x_wconf 87' lang='lat' dir='ltr'><strong>rex</strong></span> <span class='ocrx_word' id='word_1_198' title='bbox 548 2599 713 2658; x_wconf 83' lang='lat' dir='ltr'><strong>uentorum</strong></span> <span class='ocrx_word' id='word_1_199' title='bbox 752 2585 844 2654; x_wconf 90' lang='lat' dir='ltr'><strong>uisse.</strong></span> <span class='ocrx_word' id='word_1_200' title='bbox 896 2586 1023 2654; x_wconf 88' lang='lat' dir='ltr'><strong>Dicitur</strong></span> <span class='ocrx_word' id='word_1_201' title='bbox 1044 2597 1152 2662; x_wconf 89' lang='lat' dir='ltr'><strong>autem</strong></span> <span class='ocrx_word' id='word_1_202' title='bbox 1174 2603 1285 2660; x_wconf 80' lang='lat' dir='ltr'><strong>uentos</strong></span> 
     </span>
     <span class='ocr_line' id='line_1_26' title="bbox 107 2670 1097 2776; baseline 0.005 -41"><span class='ocrx_word' id='word_1_203' title='bbox 107 2687 143 2736; x_wconf 72' lang='lat' dir='ltr'><strong>aa</strong></span> <span class='ocrx_word' id='word_1_204' title='bbox 152 2685 243 2744; x_wconf 90' lang='lat' dir='ltr'><strong>antro</strong></span> <span class='ocrx_word' id='word_1_205' title='bbox 266 2674 409 2756; x_wconf 83' lang='lat' dir='ltr'><strong>frenare,</strong></span> <span class='ocrx_word' id='word_1_206' title='bbox 430 2675 505 2762; x_wconf 88' lang='lat' dir='ltr'><strong>quia</strong></span> <span class='ocrx_word' id='word_1_207' title='bbox 526 2695 668 2744; x_wconf 79' lang='lat' dir='ltr'><strong>concaua</strong></span> <span class='ocrx_word' id='word_1_208' title='bbox 687 2672 758 2746; x_wconf 80' lang='lat' dir='ltr'><strong>loo&#39;a</strong></span> <span class='ocrx_word' id='word_1_209' title='bbox 779 2670 873 2768; x_wconf 87' lang='lat' dir='ltr'><strong>plena</strong></span> <span class='ocrx_word' id='word_1_210' title='bbox 894 2684 968 2740; x_wconf 90' lang='lat' dir='ltr'><strong>sunt</strong></span> <span class='ocrx_word' id='word_1_211' title='bbox 988 2672 1097 2776; x_wconf 80' lang='lat' dir='ltr'><strong>uentis.</strong></span> 
     </span>
    </p>
   </div>
   <div class='ocr_carea' id='block_1_7' title="bbox 32 2868 1346 4288">
    <p class='ocr_par' dir='ltr' id='par_1_13' title="bbox 32 2868 1346 4288">
     <span class='ocr_line' id='line_1_27' title="bbox 262 2868 911 2952; baseline -0.003 -8"><span class='ocrx_word' id='word_1_212' title='bbox 262 2927 266 2936; x_wconf 91' lang='lat'><strong>.</strong></span> <span class='ocrx_word' id='word_1_213' title='bbox 390 2929 394 2942; x_wconf 71' lang='grc'><strong><em>,</em></strong></span> <span class='ocrx_word' id='word_1_214' title='bbox 489 2868 590 2944; x_wconf 60' lang='lat' dir='ltr'><strong>Ab.</strong></span> <span class='ocrx_word' id='word_1_215' title='bbox 659 2871 911 2952; x_wconf 82' lang='lat' dir='ltr'><strong>Titanes.</strong></span> 
     </span>
     <span class='ocr_line' id='line_1_28' title="bbox 231 2995 1287 3090; baseline 0 -24"><span class='ocrx_word' id='word_1_216' title='bbox 231 2997 356 3067; x_wconf 85' lang='lat' dir='ltr'><strong>Ferunt</strong></span> <span class='ocrx_word' id='word_1_217' title='bbox 377 2995 521 3078; x_wconf 80' lang='lat' dir='ltr'><strong>fabulae,</strong></span> <span class='ocrx_word' id='word_1_218' title='bbox 546 2997 683 3068; x_wconf 76' lang='lat' dir='ltr'><strong>&#39;Petram</strong></span> <span class='ocrx_word' id='word_1_219' title='bbox 703 2998 780 3081; x_wconf 90' lang='lat' dir='ltr'><strong>diis,</strong></span> <span class='ocrx_word' id='word_1_220' title='bbox 801 2998 887 3088; x_wconf 90' lang='lat' dir='ltr'><strong>qnod</strong></span> <span class='ocrx_word' id='word_1_221' title='bbox 909 3019 980 3065; x_wconf 88' lang='lat' dir='ltr'><strong>eam</strong></span> <span class='ocrx_word' id='word_1_222' title='bbox 1001 2998 1147 3069; x_wconf 87' lang='lat' dir='ltr'><strong>habitare</strong></span> <span class='ocrx_word' id='word_1_223' title='bbox 1168 2999 1287 3090; x_wconf 84' lang='lat' dir='ltr'><strong>dedig-</strong></span> 
     </span>
     <span class='ocr_line' id='line_1_29' title="bbox 71 3081 1346 3174; baseline 0.001 -24"><span class='ocrx_word' id='word_1_224' title='bbox 71 3109 78 3120; x_wconf 87' lang='lat'><em>·</em></span> <span class='ocrx_word' id='word_1_225' title='bbox 146 3081 214 3150; x_wconf 90' lang='lat' dir='ltr'><strong>nati</strong></span> <span class='ocrx_word' id='word_1_226' title='bbox 235 3096 328 3164; x_wconf 88' lang='lat' dir='ltr'><strong>sunt,</strong></span> <span class='ocrx_word' id='word_1_227' title='bbox 354 3083 486 3164; x_wconf 88' lang='lat' dir='ltr'><strong>iratam,</strong></span> <span class='ocrx_word' id='word_1_228' title='bbox 519 3084 673 3165; x_wconf 75' lang='lat' dir='ltr'><strong>Titanas,</strong></span> <span class='ocrx_word' id='word_1_229' title='bbox 705 3086 758 3174; x_wconf 91' lang='lat' dir='ltr'><strong>qni</strong></span> <span class='ocrx_word' id='word_1_230' title='bbox 781 3096 814 3150; x_wconf 88' lang='lat' dir='ltr'><strong>et</strong></span> <span class='ocrx_word' id='word_1_231' title='bbox 835 3085 995 3174; x_wconf 71' lang='lat' dir='ltr'><strong>Gigantes</strong></span> <span class='ocrx_word' id='word_1_232' title='bbox 1017 3085 1182 3168; x_wconf 86' lang='lat' dir='ltr'><strong>dicuntur,</strong></span> <span class='ocrx_word' id='word_1_233' title='bbox 1215 3109 1286 3152; x_wconf 86' lang='lat' dir='ltr'><strong>ser·</strong></span> <span class='ocrx_word' id='word_1_234' title='bbox 1345 3115 1346 3174; x_wconf 62' lang='lat' dir='ltr'><strong>p</strong></span> 
     </span>
     <span class='ocr_line' id='line_1_30' title="bbox 93 3166 1287 3259; baseline 0.002 -25"><span class='ocrx_word' id='word_1_235' title='bbox 93 3249 97 3258; x_wconf 22' lang='grc'>1</span> <span class='ocrx_word' id='word_1_236' title='bbox 148 3169 283 3259; x_wconf 80' lang='lat' dir='ltr'><strong>pontinia</strong></span> <span class='ocrx_word' id='word_1_237' title='bbox 311 3172 449 3238; x_wconf 88' lang='lat' dir='ltr'><strong>munitos</strong></span> <span class='ocrx_word' id='word_1_238' title='bbox 478 3166 680 3258; x_wconf 62' lang='lat' dir='ltr'><strong>pedibus‘in</strong></span> <span class='ocrx_word' id='word_1_239' title='bbox 709 3171 758 3253; x_wconf 70' lang='lat' dir='ltr'><strong>ssui</strong></span> <span class='ocrx_word' id='word_1_240' title='bbox 791 3169 938 3236; x_wconf 89' lang='lat' dir='ltr'><strong>ultionem</strong></span> <span class='ocrx_word' id='word_1_241' title='bbox 969 3168 1166 3258; x_wconf 87' lang='lat' dir='ltr'><strong>procreasse.</strong></span> <span class='ocrx_word' id='word_1_242' title='bbox 1219 3172 1287 3247; x_wconf 79' lang='lat' dir='ltr'><strong>Qui</strong></span> 
     </span>
     <span class='ocr_line' id='line_1_31' title="bbox 32 3255 1288 3338; baseline 0.001 -16"><span class='ocrx_word' id='word_1_243' title='bbox 32 3261 39 3274; x_wconf 63' lang='lat'><em>¹</em></span> <span class='ocrx_word' id='word_1_244' title='bbox 104 3256 263 3322; x_wconf 80' lang='lat' dir='ltr'><strong>aoriribus</strong></span> <span class='ocrx_word' id='word_1_245' title='bbox 285 3256 406 3337; x_wconf 86' lang='lat' dir='ltr'><strong>confisi,</strong></span> <span class='ocrx_word' id='word_1_246' title='bbox 427 3256 559 3335; x_wconf 70' lang='lat' dir='ltr'><strong>eaelum,</strong></span> <span class='ocrx_word' id='word_1_247' title='bbox 581 3267 703 3323; x_wconf 84' lang='lat' dir='ltr'><strong>montes</strong></span> <span class='ocrx_word' id='word_1_248' title='bbox 717 3256 875 3323; x_wconf 83' lang='lat' dir='ltr'><strong>montibus</strong></span> <span class='ocrx_word' id='word_1_249' title='bbox 899 3263 1107 3338; x_wconf 84' lang='lat' dir='ltr'><strong>exstruentes,</strong></span> <span class='ocrx_word' id='word_1_250' title='bbox 1129 3255 1203 3323; x_wconf 87' lang='lat' dir='ltr'><strong>dissi</strong></span> <span class='ocrx_word' id='word_1_251' title='bbox 1230 3279 1288 3324; x_wconf 88' lang='lat' dir='ltr'><strong>are</strong></span> 
     </span>
     <span class='ocr_line' id='line_1_32' title="bbox 147 3337 1286 3430; baseline 0.002 -24"><span class='ocrx_word' id='word_1_252' title='bbox 147 3341 292 3430; x_wconf 85' lang='lat' dir='ltr'><strong>deosque</strong></span> <span class='ocrx_word' id='word_1_253' title='bbox 321 3342 363 3409; x_wconf 92' lang='lat' dir='ltr'><strong>ad</strong></span> <span class='ocrx_word' id='word_1_254' title='bbox 393 3356 511 3410; x_wconf 90' lang='lat' dir='ltr'><strong>terram</strong></span> <span class='ocrx_word' id='word_1_255' title='bbox 536 3342 750 3408; x_wconf 72' lang='lat' dir='ltr'><strong>‘substernere</strong></span> <span class='ocrx_word' id='word_1_256' title='bbox 783 3341 933 3428; x_wconf 69' lang='lat' dir='ltr'><strong>aggressi</strong></span> <span class='ocrx_word' id='word_1_257' title='bbox 967 3355 1050 3408; x_wconf 89' lang='lat' dir='ltr'><strong>sunt.</strong></span> <span class='ocrx_word' id='word_1_258' title='bbox 1103 3337 1165 3418; x_wconf 81' lang='lat' dir='ltr'><strong>Qui</strong></span> <span class='ocrx_word' id='word_1_259' title='bbox 1216 3343 1286 3409; x_wconf 84' lang='lat' dir='ltr'><strong>ovis</strong></span> 
     </span>
     <span class='ocr_line' id='line_1_33' title="bbox 146 3425 1345 3517; baseline 0 -25"><span class='ocrx_word' id='word_1_260' title='bbox 146 3427 335 3508; x_wconf 83' lang='lat' dir='ltr'><strong>fulminibus,</strong></span> <span class='ocrx_word' id='word_1_261' title='bbox 357 3428 550 3517; x_wconf 83' lang='lat' dir='ltr'><strong>objectuque</strong></span> <span class='ocrx_word' id='word_1_262' title='bbox 568 3436 591 3492; x_wconf 85' lang='lat' dir='ltr'><strong>&#39;a</strong></span> <span class='ocrx_word' id='word_1_263' title='bbox 610 3425 752 3493; x_wconf 88' lang='lat' dir='ltr'><strong>Minerva</strong></span> <span class='ocrx_word' id='word_1_264' title='bbox 781 3428 960 3513; x_wconf 84' lang='lat' dir='ltr'><strong>Gorgonae</strong></span> <span class='ocrx_word' id='word_1_265' title='bbox 979 3427 1092 3514; x_wconf 86' lang='lat' dir='ltr'><strong>¹eapitis</strong></span> <span class='ocrx_word' id='word_1_266' title='bbox 1122 3428 1285 3517; x_wconf 84' lang='lat' dir='ltr'><strong>prostrati,</strong></span> <span class='ocrx_word' id='word_1_267' title='bbox 1344 3485 1345 3492; x_wconf 71' lang='grc'>,</span> 
     </span>
     <span class='ocr_line' id='line_1_34' title="bbox 147 3512 1345 3600; baseline 0.002 -24"><span class='ocrx_word' id='word_1_268' title='bbox 147 3512 221 3580; x_wconf 85' lang='lat' dir='ltr'><strong>duci</strong></span> <span class='ocrx_word' id='word_1_269' title='bbox 243 3535 355 3582; x_wconf 89' lang='lat' dir='ltr'><strong>eorum</strong></span> <span class='ocrx_word' id='word_1_270' title='bbox 378 3513 493 3582; x_wconf 81' lang='lat' dir='ltr'><strong>Atlanti</strong></span> <span class='ocrx_word' id='word_1_271' title='bbox 514 3513 593 3579; x_wconf 89' lang='lat' dir='ltr'><strong>caeli</strong></span> <span class='ocrx_word' id='word_1_272' title='bbox 614 3534 713 3596; x_wconf 91' lang='lat' dir='ltr'><strong>onere</strong></span> <span class='ocrx_word' id='word_1_273' title='bbox 734 3513 775 3578; x_wconf 88' lang='lat' dir='ltr'><strong>im</strong></span> <span class='ocrx_word' id='word_1_274' title='bbox 802 3513 901 3589; x_wconf 89' lang='lat' dir='ltr'><strong>usito,</strong></span> <span class='ocrx_word' id='word_1_275' title='bbox 930 3513 991 3600; x_wconf 90' lang='lat' dir='ltr'><strong>ipsi</strong></span> <span class='ocrx_word' id='word_1_276' title='bbox 1012 3525 1170 3581; x_wconf 87' lang='lat' dir='ltr'><strong>terrarum</strong></span> <span class='ocrx_word' id='word_1_277' title='bbox 1192 3513 1286 3592; x_wconf 81' lang='lat' dir='ltr'><strong>moli·</strong></span> <span class='ocrx_word' id='word_1_278' title='bbox 1341 3515 1345 3592; x_wconf 78' lang='lat' dir='ltr'><strong>l</strong></span> 
     </span>
     <span class='ocr_line' id='line_1_35' title="bbox 113 3535 1345 3686; baseline -0.002 -18"><span class='ocrx_word' id='word_1_279' title='bbox 113 3599 207 3668; x_wconf 60' lang='lat' dir='ltr'><strong>&amp;bus</strong></span> <span class='ocrx_word' id='word_1_280' title='bbox 229 3601 335 3668; x_wconf 91' lang='lat' dir='ltr'><strong>obruti</strong></span> <span class='ocrx_word' id='word_1_281' title='bbox 359 3610 441 3668; x_wconf 80' lang='lat' dir='ltr'><strong>sunt.</strong></span> <span class='ocrx_word' id='word_1_282' title='bbox 483 3601 628 3675; x_wconf 83' lang='lat' dir='ltr'><strong>Quorum</strong></span> <span class='ocrx_word' id='word_1_283' title='bbox 651 3599 747 3665; x_wconf 88' lang='lat' dir='ltr'><strong>etiam</strong></span> <span class='ocrx_word' id='word_1_284' title='bbox 767 3535 967 3672; x_wconf 70' lang='lat' dir='ltr'><strong>Elnoeladns,</strong></span> <span class='ocrx_word' id='word_1_285' title='bbox 999 3599 1052 3686; x_wconf 81' lang='lat' dir='ltr'><strong>qui</strong></span> <span class='ocrx_word' id='word_1_286' title='bbox 1075 3612 1107 3666; x_wconf 89' lang='lat' dir='ltr'><strong>et</strong></span> <span class='ocrx_word' id='word_1_287' title='bbox 1127 3598 1286 3667; x_wconf 85' lang='lat' dir='ltr'><strong>Briareus</strong></span> <span class='ocrx_word' id='word_1_288' title='bbox 1344 3599 1345 3616; x_wconf 62' lang='lat'>¹</span> 
     </span>
     <span class='ocr_line' id='line_1_36' title="bbox 103 3683 1286 3772; baseline -0.002 -20"><span class='ocrx_word' id='word_1_289' title='bbox 103 3685 213 3752; x_wconf 73' lang='lat' dir='ltr'><strong>ussine</strong></span> <span class='ocrx_word' id='word_1_290' title='bbox 233 3688 386 3772; x_wconf 83' lang='lat' dir='ltr'><strong>Aegaeon</strong></span> <span class='ocrx_word' id='word_1_291' title='bbox 410 3686 541 3766; x_wconf 89' lang='lat' dir='ltr'><strong>dicitur,</strong></span> <span class='ocrx_word' id='word_1_292' title='bbox 571 3683 694 3753; x_wconf 87' lang='lat' dir='ltr'><strong>ardenti</strong></span> <span class='ocrx_word' id='word_1_293' title='bbox 721 3689 853 3752; x_wconf 87' lang='lat' dir='ltr'><strong>Aetnae·</strong></span> <span class='ocrx_word' id='word_1_294' title='bbox 870 3686 1069 3772; x_wconf 88' lang='lat' dir='ltr'><strong>suppositus,</strong></span> <span class='ocrx_word' id='word_1_295' title='bbox 1102 3684 1210 3752; x_wconf 89' lang='lat' dir='ltr'><strong>adhuc</strong></span> <span class='ocrx_word' id='word_1_296' title='bbox 1230 3707 1286 3750; x_wconf 89' lang='lat' dir='ltr'><strong>ar-</strong></span> 
     </span>
     <span class='ocr_line' id='line_1_37' title="bbox 74 3768 1287 3859; baseline 0.003 -27"><span class='ocrx_word' id='word_1_297' title='bbox 74 3839 78 3846; x_wconf 53' lang='grc'><strong>,</strong></span> <span class='ocrx_word' id='word_1_298' title='bbox 147 3768 241 3836; x_wconf 87' lang='lat' dir='ltr'><strong>dere.</strong></span> <span class='ocrx_word' id='word_1_299' title='bbox 262 3772 408 3859; x_wconf 86' lang='lat' dir='ltr'><strong>latusque</strong></span> <span class='ocrx_word' id='word_1_300' title='bbox 430 3769 581 3838; x_wconf 87' lang='lat' dir='ltr'><strong>motando</strong></span> <span class='ocrx_word' id='word_1_301' title='bbox 603 3780 701 3838; x_wconf 88' lang='lat' dir='ltr'><strong>totam</strong></span> <span class='ocrx_word' id='word_1_302' title='bbox 725 3771 863 3836; x_wconf 83' lang='lat' dir='ltr'><strong>Siciliam</strong></span> <span class='ocrx_word' id='word_1_303' title='bbox 888 3769 1114 3847; x_wconf 77' lang='lat' dir='ltr'><strong>tremefacere,</strong></span> <span class='ocrx_word' id='word_1_304' title='bbox 1139 3769 1287 3856; x_wconf 80' lang='lat' dir='ltr'><strong>fumique</strong></span> 
     </span>
     <span class='ocr_line' id='line_1_38' title="bbox 146 3849 1344 3945; baseline 0.005 -29"><span class='ocrx_word' id='word_1_305' title='bbox 146 3878 264 3942; x_wconf 88' lang='lat' dir='ltr'><strong>vapore</strong></span> <span class='ocrx_word' id='word_1_306' title='bbox 285 3857 445 3945; x_wconf 90' lang='lat' dir='ltr'><strong>complere</strong></span> <span class='ocrx_word' id='word_1_307' title='bbox 468 3858 592 3923; x_wconf 88' lang='lat' dir='ltr'><strong>dicitnr.</strong></span> <span class='ocrx_word' id='word_1_308' title='bbox 634 3857 780 3936; x_wconf 87' lang='lat' dir='ltr'><strong>Revera,</strong></span> <span class='ocrx_word' id='word_1_309' title='bbox 816 3854 874 3920; x_wconf 90' lang='lat' dir='ltr'><strong>nisi</strong></span> <span class='ocrx_word' id='word_1_310' title='bbox 904 3878 988 3944; x_wconf 89' lang='lat' dir='ltr'><strong>quae</strong></span> <span class='ocrx_word' id='word_1_311' title='bbox 1016 3849 1059 3920; x_wconf 91' lang='lat' dir='ltr'><strong>de</strong></span> <span class='ocrx_word' id='word_1_312' title='bbox 1087 3855 1285 3942; x_wconf 73' lang='lat' dir='ltr'><strong>Gigantibus</strong></span> <span class='ocrx_word' id='word_1_313' title='bbox 1327 3869 1344 3936; x_wconf 71' lang='lat'><strong>&#39;,</strong></span> 
     </span>
     <span class='ocr_line' id='line_1_39' title="bbox 103 3938 1344 4030; baseline 0.001 -25"><span class='ocrx_word' id='word_1_314' title='bbox 103 3979 107 3985; x_wconf 89' lang='lat'><em>·</em></span> <span class='ocrx_word' id='word_1_315' title='bbox 145 3938 292 4027; x_wconf 74' lang='lat' dir='ltr'><strong>legimus,</strong></span> <span class='ocrx_word' id='word_1_316' title='bbox 315 3942 459 4010; x_wconf 89' lang='lat' dir='ltr'><strong>fabulose</strong></span> <span class='ocrx_word' id='word_1_317' title='bbox 479 3943 663 4030; x_wconf 85' lang='lat' dir='ltr'><strong>accipimus,</strong></span> <span class='ocrx_word' id='word_1_318' title='bbox 687 3942 767 4008; x_wconf 89' lang='lat' dir='ltr'><strong>ratio</strong></span> <span class='ocrx_word' id='word_1_319' title='bbox 791 3961 854 4006; x_wconf 93' lang='lat' dir='ltr'><strong>non</strong></span> <span class='ocrx_word' id='word_1_320' title='bbox 876 3939 1032 4029; x_wconf 88' lang='lat' dir='ltr'><strong>procedit.</strong></span> <span class='ocrx_word' id='word_1_321' title='bbox 1074 3941 1160 4008; x_wconf 86' lang='lat' dir='ltr'><strong>Nam</strong></span> <span class='ocrx_word' id='word_1_322' title='bbox 1183 3963 1287 4028; x_wconf 88' lang='lat' dir='ltr'><strong>quum</strong></span> <span class='ocrx_word' id='word_1_323' title='bbox 1343 3943 1344 3970; x_wconf 73' lang='lat'><em>³</em></span> 
     </span>
     <span class='ocr_line' id='line_1_40' title="bbox 145 4024 1287 4116; baseline 0.001 -26"><span class='ocrx_word' id='word_1_324' title='bbox 145 4025 178 4090; x_wconf 93' lang='lat' dir='ltr'><strong>in</strong></span> <span class='ocrx_word' id='word_1_325' title='bbox 200 4025 358 4112; x_wconf 81' lang='lat' dir='ltr'><strong>Phlegra,</strong></span> <span class='ocrx_word' id='word_1_326' title='bbox 394 4028 582 4096; x_wconf 74' lang='lat' dir='ltr'><strong>Thessaliae</strong></span> <span class='ocrx_word' id='word_1_327' title='bbox 604 4027 693 4106; x_wconf 86' lang='lat' dir='ltr'><strong>loco,</strong></span> <span class='ocrx_word' id='word_1_328' title='bbox 727 4049 890 4116; x_wconf 80' lang='lat' dir='ltr'><strong>pugnasse</strong></span> <span class='ocrx_word' id='word_1_329' title='bbox 919 4025 1082 4106; x_wconf 83' lang='lat' dir='ltr'><strong>dieantur,</strong></span> <span class='ocrx_word' id='word_1_330' title='bbox 1117 4024 1287 4114; x_wconf 82' lang='lat' dir='ltr'><strong>quomodo</strong></span> 
     </span>
     <span class='ocr_line' id='line_1_41' title="bbox 104 4101 1290 4192; baseline -0.002 -12"><span class='ocrx_word' id='word_1_331' title='bbox 104 4109 178 4180; x_wconf 82' lang='lat' dir='ltr'><strong>tuin</strong></span> <span class='ocrx_word' id='word_1_332' title='bbox 212 4111 319 4182; x_wconf 84' lang='lat' dir='ltr'><strong>Sicilia</strong></span> <span class='ocrx_word' id='word_1_333' title='bbox 345 4101 547 4189; x_wconf 68' lang='lat' dir='ltr'><strong>maceraret,</strong></span> <span class='ocrx_word' id='word_1_334' title='bbox 579 4115 664 4181; x_wconf 87' lang='lat' dir='ltr'><strong>Otus</strong></span> <span class='ocrx_word' id='word_1_335' title='bbox 691 4113 723 4178; x_wconf 93' lang='lat' dir='ltr'><strong>in</strong></span> <span class='ocrx_word' id='word_1_336' title='bbox 756 4105 887 4192; x_wconf 80' lang='lat' dir='ltr'><strong>Creta,</strong></span> <span class='ocrx_word' id='word_1_337' title='bbox 908 4110 1086 4182; x_wconf 87' lang='lat' dir='ltr'><strong>secundnm</strong></span> <span class='ocrx_word' id='word_1_338' title='bbox 1109 4112 1290 4180; x_wconf 87' lang='lat' dir='ltr'><strong>Salustium</strong></span> 
     </span>
     <span class='ocr_line' id='line_1_42' title="bbox 147 4193 1288 4288; baseline -0.002 -26"><span class='ocrx_word' id='word_1_339' title='bbox 147 4194 259 4280; x_wconf 79' lang='lat' dir='ltr'><strong>(unde</strong></span> <span class='ocrx_word' id='word_1_340' title='bbox 272 4193 351 4276; x_wconf 76' lang='lat' dir='ltr'><strong>Otii</strong></span> <span class='ocrx_word' id='word_1_341' title='bbox 372 4198 516 4286; x_wconf 80' lang='lat' dir='ltr'><strong>campi),</strong></span> <span class='ocrx_word' id='word_1_342' title='bbox 539 4199 715 4288; x_wconf 79' lang='lat' dir='ltr'><strong>Typhoeus</strong></span> <span class='ocrx_word' id='word_1_343' title='bbox 736 4197 969 4288; x_wconf 71' lang='lat' dir='ltr'><strong>incompania,</strong></span> <span class='ocrx_word' id='word_1_344' title='bbox 991 4195 1168 4284; x_wconf 77' lang='lat' dir='ltr'><strong>(Inarime</strong></span> <span class='ocrx_word' id='word_1_345' title='bbox 1185 4195 1288 4276; x_wconf 70' lang='lat' dir='ltr'><strong>Jovp&#39;s</strong></span> 
     </span>
    </p>
   </div>
   <div class='ocr_carea' id='block_1_8' title="bbox 1257 4379 1343 4563">
    <p class='ocr_par' dir='ltr' id='par_1_14' title="bbox 1257 4379 1343 4563">
     <span class='ocr_line' id='line_1_43' title="bbox 1257 4379 1343 4563; baseline 0 0"><span class='ocrx_word' id='word_1_346' title='bbox 1257 4379 1343 4563; x_wconf 68' lang='lat' dir='ltr'><strong>‘l</strong></span> 
     </span>
    </p>
   </div>
   <div class='ocr_carea' id='block_1_9' title="bbox 0 0 1362 4794">
    <p class='ocr_par' dir='ltr' id='par_1_15' title="bbox 0 0 1362 4794">
     <span class='ocr_line' id='line_1_44' title="bbox 0 0 1362 4794; baseline 0 1"><span class='ocrx_word' id='word_1_347' title='bbox 0 0 1362 4794; x_wconf 95' lang='lat' dir='ltr'><strong> </strong></span> 
     </span>
    </p>
   </div>
  </div>
 </body>
</html>
