2716 4794
245 173 248 182 ·
357 215 539 320 Mytbopr.
565 217 653 292 111..
693 215 733 290 6.
788 211 888 292 2ομ
1103 213 1190 296 185·
1284 285 1289 298 .

83 397 194 468 Genhm
218 413 381 492 praeterea
409 400 506 471 mum
528 423 601 470 esse
622 401 795 470 naturalem
818 399 895 474 dlcit
915 391 1102 490 aentgtm,
1129 403 1184 492 qui

83 485 193 552 omnium
217 508 321 556 rerum
349 501 478 580 praeest
503 489 772 577 generationibus.
807 489 921 556 'Genio
953 497 1060 558 autem
1080 487 1183 556 iridul-

82 589 143 653 gere
169 570 309 655 dicimus,
348 576 495 674 quotiens
525 573 688 662 uoluptati¹
703 595 836 661 operam
865 575 987 664 damus.
1038 573 1135 640 Unde
1163 598 1183 642 e
1297 615 1307 629 ‚

79 657 212 721 contrario
232 660 383 728 habemus
413 661 444 726 in
469 659 640 726 Terentio:
668 659 755 724 'Sive
778 655 997 746 defiaudans
1018 657 1180 726 Genium.

78 738 131 802 Sed
154 763 212 809 nec
245 746 381 834 aliquem
412 767 484 813 esse
517 743 586 811 sine
609 743 713 811 Genio
752 742 856 810 locum
889 744 1017 812 voluere
1050 745 1207 834 priorem

77 821 154 890 Unda
170 828 200 916 in
220 829 246 896 V
268 829 424 898 Aeneidos
446 827 488 896 de
508 851 617 918 angae
635 831 675 896 ab
692 829 849 896 Anchisae
862 830 982 896 tumulo
997 844 1184 919 erumpente
1274 908 1278 920 s

75 905 187 994 legitur:
215 919 373 982 Incertus
393 914 586 985 Geniumne
616 913 695 980 loci.
735 914 821 982 Num
839 914 925 1002 quod
949 915 1092 983 additum
1115 929 1182 984 est:

68 990 268 1076 jomrrlumne
285 1001 465 1088 parentia,
492 1001 533 1066 ab
554 1001 682 1088 antiqua
704 995 779 1065 duci
800 999 1028 1067 consuetudine
1052 999 1184 1070 ridetur.

73 1076 135 1144 Fuit
162 1083 238 1150 anim
266 1107 335 1151 mos
364 1085 537 1174 majorum,
575 1098 611 1154 ut
644 1086 792 1174 quotiens
826 1107 923 1174 reges
957 1086 1183 1168 moriebantur,
1227 1145 1229 1152 ,

74 1183 131 1229 oum
155 1165 199 1234 his
227 1168 332 1238 dilecti
359 1169 435 1259 equi
464 1169 512 1236 vel
533 1171 614 1238 uerri
635 1183 668 1238 et
687 1192 752 1237 una
771 1170 813 1238 dc
837 1172 988 1238 uxoribus
1011 1171 1115 1237 carior
1133 1173 1228 1248 in-1p

72 1247 278 1338 ceoderentur3
307 1255 389 1324 inter
416 1277 495 1343 quas
525 1254 567 1320 de
595 1257 658 1325 hoc
684 1256 755 1358 ipso
782 1269 991 1342 magna'erat
1012 1257 1185 1324 contentio.

71 1332 217 1407 Famulum
246 1363 329 1430 ergo
357 1363 482 1408 serrum
512 1363 583 1407 curn
608 1341 745 1409 Anchase
765 1343 923 1430 sepultum
944 1343 1093 1430 accipere
1111 1365 1185 1430 poa-

71 1441 167 1488 sumus.
197 1425 273 1495 Sive
283 1448 342 1516 per
354 1425 541 1514 apotheosin
555 1449 627 1492 eum
642 1433 737 1516 polita
749 1425 843 1494 deum
859 1427 998 1496 ostendit
1017 1429 1184 1514 ellectum

70 1507 138 1605 ¹hurle
157 1524 187 1578 et
207 1513 359 1580 famulum
378 1512 407 1578 ei
428 1511 486 1578 dat
505 1513 596 1600 quasi
619 1514 803 1580 ministrum.
847 1513 985 1602 Singula
1014 1514 1097 1580 enim
1126 1532 1183 1581 nu-

75 1609 152 1674 nna,
182 1609 216 1666 ut
238 1600 345 1688 ajunt,
376 1597 540 1685 superiora
564 1598 730 1666 inferiores
751 1611 927 1687 potestates
949 1599 1104 1668 ministras
1128 1599 1183 1665 ha·
1192 1616 1226 1668 1⁵
1339 1603 1340 1612 ’

75 1673 143 1756 hon,
165 1693 201 1752 at
221 1685 332 1752 Venus
352 1682 513 1764 Adonem,
541 1695 645 1750 mater
665 1682 761 1752 deum
782 1685 871 1766 Atin,
900 1685 1043 1752 Minerva
1061 1683 1186 1753 Erich-

76 1759 212 1849 thonium,
243 1767 351 1840 Diana
380 1767 543 1848 Virbium,
571 1769 721 1838 Bacchus
749 1769 920 1860 Marsyam.
963 1771 1145 1838 Auttcerte
1167 1791 1192 1836 a»
1248 1851 1249 1854 Ἴ

73 1843 257 1942 Pythagorae
289 1853 464 1922 assertione
491 1855 707 1942 excogitatum
737 1868 804 1938 est,
825 1850 890 1946 vqul
915 1853 1036 1944 primm
1058 1853 1100 1922 de
1120 1879 1191 1922 me.

72 1929 150 2016 dalla,
171 1962 253 2029 quae
275 1940 309 2006 iu
329 1939 420 2027 spina
440 1939 574 2008 hominis
596 1952 662 2022 est,
682 1953 822 2030 anguem
845 1943 948 2008 creari
968 1940 1201 2032 deprehendit⁸¹

68 2016 145 2090 Quod
177 2039 210 2094 et
229 2025 366 2094 Ovidius
393 2025 425 2092 in
452 2025 514 2093 XV
542 2028 843 2116 metamorphoseon
869 2027 953 2095 inter
977 2026 1234 2118 Pythagoream

68 2102 137 2172 dora
161 2120 402 2183 commemorat
445 2117 491 2178 An
519 2111 630 2178 uiuam·
644 2127 762 2198 ,autem
787 2113 892 2181 (lenio
913 2112 1099 2200 plerumque
1120 2110 1190 2180 dari

66 2193 186 2275 speeiem
216 2198 375 2280 norimus.
418 2195 462 2262 Ut
488 2131 638 2264 dusius:
673 2199 793 2286 Pinge
824 2197 910 2262 clueo
938 2219 1087 2285 angues.
1126 2200 1191 2264 An-

66 2293 131 2358 gues
150 2285 233 2352 enim
253 2286 291 2350 in
314 2280 528 2373 penetralibus
549 2293 709 2350 tectorum
730 2282 1001 2371 repertosmiuus
1020 2280 1125 2370 periti,
1151 2293 1189 2352 ut

63 2357 147 2462 lpuuit
167 2369 320 2447 Servius,
343 2377 528 2454 togatorum
545 2367 718 2436 daemones
734 2389 813 2447 ,esse
831 2369 998 2458 putabant,
1021 2389 1102 2456 quos
1121 2367 1188 2436 L'a·

62 2448 122 2530 troi,
151 2453 274 2545 iuquit.
301 2454 423 2521 Genios
446 2465 571 2523 vocant.
678 2507 685 2528 ,
853 2467 855 2472 “
1250 2459 1251 2464 ’

131 2537 181 2607 20.
224 2537 327 2618 Quod
354 2550 461 2614 autem
485 2561 543 2627 per
564 2559 676 2608 novem
695 2535 831 2606 circulos
847 2537 1006 2607 infernum
1033 2533 1191 2606 distribuit

60 2614 214 2709 Virgilius,
239 2627 372 2706 dicens,
396 2625 533 2714 primam
553 2635 664 2692 tenere
687 2624 813 2714 animas
827 2624 993 2705 infantum,
1015 2621 1192 2690 secundum

61 2723 123 2770 esse
148 2733 283 2792 eorum,
315 2711 369 2800 qui
397 2732 456 2800 per
483 2709 712 2799 simplicitatem
743 2710 804 2778 sibi
830 2708 945 2778 adesse
972 2699 1190 2797 nequiverunt,

58 2792 191 2880 tertium,
227 2798 287 2888 qui
318 2797 451 2864 vitantes
473 2807 640 2862 aerumnas
664 2817 702 2862 se
721 2808 944 2878 necaverunt,
960 2805 1106 2884 quartum
1135 2815 1191 2880 εο-δ

57 2893 137 2962 rum,
162 2883 216 2972 qni
238 2891 406 2962 amarunt,
435 2881 578 2970 quintum
597 2881 903 2970 virorum-sarlium,
927 2893 1052 2950 sextum
1073 2901 1234 2956 nonen-30*

55 2959 141 3047 tium,
172 2969 227 3058 qui
260 2991 287 3036 a·
301 2965 462 3057 judicibus
485 2966 673 3054 puniuntur,
705 2966 953 3056 septimum,1iu
981 2989 1046 3056 quo
1069 2965 1193 3031 animae
1262 2987 1266 3011 ¹

56 3065 246 3138 purgantur,
281 3064 427 3125 octavum
456 3053 630 3120 animarum
644 3049 712 3140 jam
734 3064 966 3142 purgatarum,
993 3063 1030 3118 ut
1050 3049 1193 3132 redemit,

56 3152 165 3204 nonum
194 3161 364 3240 campum,
381 3135 543 3228 Elysium,
577 3161 597 3208 a
628 3159 692 3225 quo
726 3139 849 3206 animae
880 3161 944 3204 non
971 3148 1194 3216 revertuntur;

54 3220 97 3283 rel
123 3235 230 3292 totum
258 3223 447 3291 'labulosum
477 3234 545 3304 est,
576 3221 643 3303 rel,
675 3233 711 3289 ut
741 3224 785 3291 ait
813 3223 961 3304 Servius,
991 3222 1194 3290 subtilissime

55 3303 264 3380 adinventum.
309 3309 618 3398 Qurenrm,1nqmt‚
645 3308 736 3376 altius
758 3307 800 3376 de
822 3308 930 3375 mundi
951 3310 1073 3378 ratione
1090 3329 1235 3396 quae-35

55 3390 203 3480 siverunt,
226 3399 315 3464 intra
336 3395 394 3461 hos
415 3417 527 3464 novem
549 3391 658 3462 mundi
679 3395 814 3464 circulos
836 3393 972 3464 inclusas
992 3395 1103 3461 dicunt
1122 3413 1194 3458 esse
1217 3411 1218 3416 ¹

56 3473 196 3566 virtutes,
232 3481 271 3548 id
294 3492 345 3548 est
364 3492 539 3570 potestates
560 3479 674 3549 minori
693 3482 891 3570 perfectione
912 3479 1091 3570 praeditam
1106 3475 1195 3544 dae-
1227 3509 1229 3522 ·

53 3582 155 3635 mones
183 3567 354 3645 videlicet,
384 3566 416 3632 in
444 3567 558 3656 quibus
588 3578 622 3634 et
644 3565 810 3635 iracundia
833 3564 928 3635 sitet
947 3565 1120 3654 cupiditas,
1153 3559 1195 3628 de

52 3651 160 3734 quihus
182 3652 319 3723 tristitia
340 3650 500 3732 nascitur,
528 3652 563 3726 id
593 3662 643 3719 est
664 3653 754 3743 Styx.
796 3655 845 3721 Ab
866 3653 916 3720 his
939 3652 1040 3738 igitur
1060 3663 1093 3718 et
1112 3650 1195 3717 intra

52 3731 127 3806 haec
158 3739 309 3806 claustra
341 3737 443 3825 puniri
478 3737 679 3806 manifestum
710 3737 760 3808 est
781 3761 902 3807 omnes
933 3739 1071 3810 animas.
1111 3755 1237 3824 quaen,

18 3856 20 3864 ›
50 3825 235 3920 puniuntur.
288 3820 543 3906 Underdicunt,
574 3845 686 3890 norem
719 3847 792 3892 esse
819 3822 954 3891 circulos
982 3821 1109 3911 Stygis,
1142 3820 1196 3908 qui

47 3907 165 3978 roseros
191 3912 350 3998 cingunt,
378 3907 412 3976 id
434 3920 484 3976 est
502 3920 646 3992 tarram3¹
669 3905 842 3988 daemones
862 3909 988 3975 scilicet*
1003 3920 1037 3975 et
1054 3909 1195 3995 ipsorum
1275 3994 1278 3999 Ι

47 3991 247 4064 habitacula.
306 3992 389 4070 Alias
432 3994 515 4060 enim
546 3994 660 4071 dicunt,
683 4001 758 4063 esse
786 3994 994 4082 purgationes
1022 4007 1113 4060 extra
1138 3992 1196 4060 hos

47 4077 207 4158 circulos,
245 4089 423 4168 potestates
459 4081 545 4148 bona
578 4091 700 4148 tantum
735 4079 1008 4159 administrantes,
1046 4101 1109 4146 nec
1135 4079 1195 4145 rim

46 4165 158 4235 ullum.
173 4165 276 4236 alicui
302 4164 485 4232 inserentes.
538 4165 623 4235 Nam
652 4165 704 4234 illa
729 4164 792 4244 Ful
819 4164 894 4232 eutii
924 4163 976 4232 de:
993 4163 1042 4234 his
1072 4163 1238 4236 circulisto

47 4263 239 4320 commenta
263 4251 385 4328 subtilia
407 4249 556 4340 quidem,
578 4249 637 4321 sed
659 4247 742 4320 tradi
760 4187 893 4340 indigns
908 4250 1066 4346 judicari„
1080 4249 1197 4339 quippe
