2786 4800
392 189 572 295 rapam
603 193 635 265 ι.
655 191 765 268 ..aaa
784 195 986 286 2124..
1190 199 1255 278 sc

41 439 47 446 .
103 375 237 446 hortata
271 384 320 442 est
352 395 444 454 eam,
488 385 524 444 ut
555 375 617 443 tale
648 376 766 464 pignus
796 383 923 452 umoris·
945 379 965 450 n'
987 383 1077 452 ,Jove
1093 395 1245 475 -pcteret,

100 459 245 548 proinde
276 461 450 527 auotoritas
481 461 578 550 ipsius
611 465 798 532 concubitus
828 466 961 556 insignis
995 482 1117 540 esset·
1146 471 1245 548 Quod

98 545 599 717 tittimttitttitltt
619 548 978 723 iidii'ie‘iv'l‘llm
997 554 1244 712 ”illmili'd
1312 605 1314 615 ‘

495 705 498 716 ¹
641 681 646 696 .
760 659 778 701 e
895 660 929 705 es
968 663 989 705 o
1058 665 1093 710 rs.
1189 665 1208 709 c

99 732 136 785 et
154 719 265 806 ipsam
286 718 416 782 flamma
436 717 565 785 adunit
615 719 785 799 Liberum,
815 663 1011 812 conceptunl
1021 738 1136 803 utero,
1163 729 1268 818 lup-u

98 805 191 892 piter
217 800 367 868 incendio
395 802 525 890 eripuit,
554 826 594 870 ac
608 801 743 870 temore
770 806 866 876 insuit
890 831 981 878 suus
1007 813 1137 880 Postea
1155 831 1244 882 com-

100 889 201 978 pletis
235 887 415 968 mensibus,
448 887 625 976 Nymphis,
658 911 743 975 quae
773 892 928 986 Nysam,¹
954 908 1092 966 montem
1123 898 1246 980 Indiae,

99 975 429 1063 perfrequentabant,
472 971 552 1040 clam
579 972 711 1042 tradidit
740 978 949 1047 nutriendum.
1002 983 1133 1073 Septem
1161 985 1245 1052 enim

103 1062 238 1126 l'uerant
276 1081 424 1139 sorores,
468 1059 608 1126 eaedem·
633 1059 803 1176 Npmpbae
834 1063 1022 1140 Dodonides
1058 1065 1245 1156 appellatae,

130 1167 196 1212 uae
216 1169 237 1210 a
260 1143 416 1234 Lycurgo
442 1143 584 1234 fugatae
601 1142 643 1212 ad
671 1145 793 1238 Pbetim
818 1151 1049 1240 profugerunt,
1080 1164 1114 1220 ut
1134 1155 1287 1224 acribiam

108 1172 319 1320 Hbereoydes
348 1241 381 1298 et
406 1228 620 1317 Asclepiades.
671 1232 776 1306 Quam
804 1235 845 1300 ob
874 1259 1010 1304 causam
1031 1239 1072 1304 ab
1092 1238 1175 1305 Jove
1199 1242 1245 1309 eis
1273 1262 1275 1276 ·

106 1316 217 1402 ‘gratia
246 1326 297 1384 est
322 1313 449 1404 relata,
474 1315 560 1403 quod
587 1317 668 1382 inter
696 1315 803 1383 sidera
828 1332 903 1389 sunt
926 1317 1133 1405 constitutae,
1163 1323 1246 1414 quae

117 1401 184 1466 Vll.
215 1421 350 1466 numero
381 1397 515 1488 Hyades
548 1413 622 1468 sunt
654 1423 694 1490 ap
718 1400 837 1471 ellatae.
898 1407 985 1476 Hinc
1012 1409 1113 1475 Liber
1144 1422 1247 1498 pater,
1280 1417 1282 1423 '

113 1509 167 1552 seu
189 1487 369 1576 Dionyson,
396 1485 533 1574 tigribus
554 1485 668 1554 sedere
688 1425 818 1569 (licitur,
848 1491 935 1580 quod
959 1496 1060 1561 omnis
1081 1495 1246 1564 vinolentia
1290 1503 1293 1510 '

113 1571 228 1638 feritati
260 1593 385 1660 semper
416 1571 559 1640 insistat:
596 1583 630 1640 et
656 1569 786 1665 Lyaeus
817 1573 932 1646 dicitur
964 1579 1054 1683 quasi
1086 1577 1245 1650 lenitatem
1253 1591 1288 1642 1⁵

110 1669 287 1746 praestans.
300 1657 459 1810 t'iuuenis
487 1669 593 1726 autem
620 1657 779 1748 pingitur,
811 1663 886 1753 quia
911 1665 1049 1736 ebrietas
1075 1673 1245 1758 numquam
1280 1751 1283 1756 Ι

108 1759 237 1812 matura
264 1763 299 1808 es
677 1760 680 1768 ’

242 1877 332 1956 121.
384 1881 526 1958 Liber
559 1898 601 1958 et
637 1833 854 1985 duppiter
887 1889 1116 1965 Hammon.
1225 1841 1243 1873 l

197 2012 319 2093 Liber,
360 2033 418 2078 seu
450 2009 631 2102 Dionysus,
674 2038 772 2105 quum
807 2013 904 2085 ludos
936 2029 1079 2107 peteret,
1122 2028 1155 2088 et
1190 2037 1249 2104 per

108 2098 319 2188 Xerolibyam
342 2095 515 2164 exercitum
538 2097 687 2179 duceret,
710 2101 861 2190 fatigatus
882 2102 949 2180 siti,
969 2103 1058 2170 lovis
1078 2103 1126 2168 sui
1150 2101 1290 2188 patrisau

113 2187 263 2252 auxilium
290 2182 483 2271 imploravit:
513 2195 547 2251 et
573 2187 678 2252 statim
700 2185 766 2253 viso
790 2187 906 2262 ariete,
940 2188 1010 2254 lons
1038 2199 1166 2254 secutus
1189 2201 1248 2253 est.
1285 2187 1287 2194 '

113 2269 211 2338 Unde
235 2270 354 2336 factum
380 2277 430 2336 est
456 2269 563 2335 abeo
590 2269 742 2360 deinceps
762 2271 851 2354 Jovi,
882 2271 1056 2340 Hammoni
1082 2273 1122 2358 ab
1144 2271 1248 2338 crenis

112 2357 220 2437 dicto,
249 2353 450 2421 simulacrum
476 2376 547 2422 cum
569 2355 673 2444 capite
693 2357 836 2424 arietino.
885 2357 982 2434 Quod
1008 2355 1082 2424 ideo
1106 2355 1249 2446 lingitur,

110 2443 190 2532 quia
212 2441 295 2511 notis
316 2439 384 2530 ejus
405 2450 479 2507 sunt
499 2439 636 2510 involuta
658 2465 819 2532 responsu.

359 2575 452 2652 122.
505 2579 646 2657 Liber
680 2595 724 2657 et
755 2581 998 2686 Tyrrheni.
1252 2593 1288 2644 ¹⁵

201 2708 310 2782 Quum
336 2705 496 2796 'l'yrrheni
514 2720 643 2792 ,nautae
672 2709 881 2790 dormientem
910 2710 941 2774 in
973 2707 1064 2775 litore
1094 2706 1247 2782 Liberum

111 2805 243 2886 patrem
272 2792 477 2871 invenissent,
514 2793 619 2862 furtim
649 2818 722 2862 cum
750 2796 781 2861 in
811 2814 1042 2867 navemsuam
1066 2806 1247 2882 rapuerunt.

112 2881 181 2958 Qui
203 2899 301 2968 quum
322 2887 407 2946 esset
427 2878 632 2966 eiperrectus
655 2882 688 2947 in
710 2883 798 2959 nari,
825 2903 889 2970 quo
916 2877 1089 2948 duceretur
1111 2879 1270 2972 interro-l

112 2965 215 3054 gavit.
257 2961 509 3066 Responderunt
535 2964 594 3044 illi,
650 2989 692 3032 uo
720 2965 819 3034 vellet.
861 2965 960 3032 Liber
986 2966 1031 3034 eit
1057 2962 1099 3030 ad
1120 2963 1247 3030 Nexum

111 3050 268 3132 insulam,
306 3048 366 3116 nbi
395 3061 560 3117 sacratam.
651 3053 661 3116 i
688 3063 794 3119 autem
824 3049 885 3116 alio
916 3049 986 3116 vela
1013 3051 1146 3117 flectere
1173 3063 1289 3114 coe-ao

114 3146 244 3228 pernnt
286 3133 501 3210 Quamobrem
522 3157 638 3203 numen
657 3139 772 3205 iratum
793 3137 894 3222 tigres
913 3137 972 3203 sibl
990 3133 1112 3204 dicatas
1134 3134 1250 3200 visibus

116 3228 231 3290 eorum
251 3220 385 3310 objecit3
410 3241 543 3309 querum
564 3221 605 3288 illi
625 3235 748 3291 terrore
765 3220 942 3311 perterriti,
967 3241 1040 3290 sese
1060 3219 1250 3308 praccipites

115 3309 150 3376 in
171 3309 290 3375 fluctus
313 3303 443 3372 dedere.
861 3323 865 3338 *
1025 3336 1028 3342 ,

232 3443 326 3522 125.
379 3393 1125 3550 Liber¹pater,sthyeurg‘usrex.
1169 3526 1175 3536 ¹
1264 3463 1267 3478 ·

202 3573 379 3665 Lycurgus
408 3593 464 3642 rex
495 3574 656 3643 'l'braoiae
687 3573 756 3660 suit
812 3577 895 3658 Qui,
936 3589 972 3646 ut
1005 3573 1110 3642 tabula
1143 3571 1292 3651 habetes

116 3659 196 3729 duru
228 3670 435 3726 contemnens
462 3660 633 3738 liberum,
673 3663 740 3752 ejus
767 3675 909 3751 amputat
936 3664 1032 3738 vites,
1057 3679 1164 3724 crura
1192 3679 1250 3724 sua

115 3745 240 3816 incidit
281 3745 334 3810 Re
354 3757 460 3813 autem
481 3767 555 3812 vera
577 3748 749 3815 abstemius
771 3747 847 3831 luit3
875 3769 955 3838 quos
977 3754 1101 3812 constat
1121 3743 1251 3814 acrioris

117 3855 193 3902 esse
213 3842 367 3913 naturam
396 3830 598 3926 quodetiam
621 3857 641 3900 a
661 3831 879 3903 Demosthene
900 3831 1020 3900 dictum
1045 3843 1103 3926 est
1160 3831 1163 3836 ’

501 3984 873 4088 121.”Μίιιει·νε.
1000 3955 1004 3966 l

205 4117 363 4200 ldinerr'a,
394 4116 455 4186 dea
481 4107 669 4207 sapientiae,
703 4119 871 4188 multorum
897 4117 1049 4188 inventrix
1078 4119 1136 4188 luit
1162 4120 1252 4205 inge·
1262 4137 1295 4186 m

122 4205 257 4274 morum.
307 4207 401 4312 Haec
414 4207 549 4282 ,Graece
569 4199 709 4294 Ἀθηνᾶ
729 4204 858 4285 dicitur,
888 4201 973 4295 apud
994 4203 1126 4275 helinus
1149 4215 1255 4273 autem

352 4619 367 4682 l
