2786 4800
361 214 564 381 'uyuogss
587 279 628 354 1:
674 256 929 358 rsa-res.
1022 377 1026 383 ,
1110 389 1114 396 ¹
1174 291 1225 366 or

303 439 305 448 ¹
444 459 547 536 158.
601 427 861 540 Laodamia.

172 583 360 655 Laodamia
382 611 462 654 uxor
490 587 658 656 Protesilai
685 594 750 660 fuit.
795 595 888 672 Quae
910 620 1005 692 quum
1026 600 1172 668 maritum
1192 602 1224 670 in

76 676 168 744 helio
189 675 336 766 Trojano
358 676 489 762 periisse
511 677 731 762 cognovisset,
762 683 897 768 optarit,
924 696 960 752 ut
989 687 1134 754 umbram
1154 687 1222 775 ejus

86 763 218 829 videret.
271 761 346 835 Qua
373 783 408 826 re
433 777 618 841 concessa,¹
637 783 701 830 non
729 765 883 834 deserens
914 772 1073 854 umbram,
1099 773 1131 840 io
1157 798 1223 842 um-

84 849 232 938 plexibus
252 847 320 938 ejus
341 845 443 934 periit.
1192 905 1196 918 .
1229 879 1248 926 o

285 982 378 1058 159.
431 985 616 1084 Phyllis
652 1001 693 1061 et
726 990 1028 1090 Demophoon.
1062 1045 1064 1053 .

169 1113 292 1205 Phyllis
327 1111 440 1200 regina
476 1113 641 1206 Thracum
680 1116 764 1184 suit.r
806 1113 903 1185 Haeo
935 1119 1223 1210 Demophoontem,

88 1203 220 1272 'theses
245 1201 360 1277 fitium,
388 1220 500 1284 regem
522 1199 774 1280 Atheniensium,
807 1204 993 1272 redeuutem
1015 1206 1057 1270 de
1073 1197 1222 1298 'Trojano

92 1288 209 1378 proelio
239 1285 363 1362 ditexit,
397 1283 487 1356 etin
510 1284 693 1374 eonjugium
717 1309 808 1353 suum
838 1293 970 1378 rogavit.
1013 1290 1070 1357 Ilio
1093 1293 1151 1373 ait,
1185 1319 1221 1363 so

95 1375 179 1462 prius
204 1395 274 1438 reru
302 1391 393 1434 suam
423 1366 660 1450 ordinaturum,
693 1383 727 1438 et
750 1372 796 1438 sic
817 1373 860 1440 a'd
881 1375 949 1460 ejus
971 1377 1094 1466 nuptias
1115 1401 1220 1444 rever·
1229 1403 1264 1452 10

96 1481 205 1526 surum.
247 1453 420 1522 Profectus
442 1453 549 1542 itaque
573 1477 669 1542 quum
692 1457 850 1539 tardaret,
879 1451 998 1551 Phyltis
1028 1464 1142 1530 amoris
1164 1466 1221 1529 im-

95 1544 239 1632 patientia
251 1554 284 1607 et
296 1540 412 1606 doloris
423 1539 574 1627 impulsu,
599 1543 686 1630 quod
704 1569 740 1608 se
762 1567 777 1610 s
803 1553 901 1612 return
921 1545 1088 1626 credebat,
1108 1549 1221 1638 laqueo

93 1632 182 1697 vitam
212 1627 327 1705 finivit,
365 1635 398 1692 et
426 1646 579 1691 conversa
608 1639 657 1693 est
676 1629 715 1710 ¹in
745 1568 891 1696 arhorem
921 1634 1125 1722 amygdalum
1153 1637 1220 1702 sine

89 1717 177 1783 sotiis.
219 1713 343 1780 Postea
370 1731 516 1778 reversus
543 1711 773 1800 Demophoon,
809 1717 939 1804 ooguita
969 1741 1022 1800 re,
1058 1720 1124 1810 ejus
1153 1745 1220 1788 am·
1272 1743 1275 1766 ³

84 1802 197 1891 plexus
235 1809 284 1865 est
320 1809 483 1863 truncum:
519 1797 588 1884 qui,
625 1798 708 1876 velut
736 1803 843 1887 sponsi
871 1801 1047 1873 adventum
1078 1807 1258 1888 sentiretis

83 1888 156 1955 folia
181 1883 300 1952 emisit'
315 1879 412 1950 Unde
432 1893 465 1950 et
481 1877 589 1970 oritis
610 1899 685 1952 suut
705 1885 791 1956 diota
813 1884 1006 1978 aPhyltido,
1029 1913 1112 1979 quae
1126 1904 1222 1962 autea

81 1975 216 2046 πέταλα
239 1969 436 2036 hoebanrur.
795 2030 799 2041 „
1024 2036 1028 2046 ,
1055 2037 1057 2042 ,

493 2104 585 2182 160.
638 2107 817 2186 Aleon.
940 2107 942 2114 ’

168 2239 267 2308 Alcon
301 2233 362 2302 tuit
391 2236 554 2304 Cretensis
584 2237 768 2325 sagittarius
795 2237 942 2324 optimus.
991 2239 1093 2327 Cujus
1120 2240 1216 2306 tilium

78 2349 185 2416 quum
211 2325 311 2389 draoo
339 2320 518 2402 invasisset,
551 2335 638 2390 tanta
669 2335 738 2387 arte
765 2324 916 2408 sagittam
947 2321 1077 2410 direxit,
1112 2341 1147 2392 ut
1178 2345 1261 2395 ease

76 2431 216 2480 currens
226 2411 258 2474 in
269 2409 425 2495 serpentis
437 2407 596 2496 defigeret
607 2433 643 2479 se
655 2424 801 2497 oorpore,
812 2431 884 2476 -uso
901 2409 932 2478 iu
950 2409 1047 2476 filium
1063 2413 1233 2483 transiret
1274 2415 1283 2426 ’

75 2499 181 2568 Unde
200 2495 312 2562 laudes
334 2494 457 2560 meruit
1125 2539 1127 2546 ›

475 2630 569 2708 161:
619 2633 827 2708 Codrus.

163 2759 299 2832 Codrus
326 2781 382 2828 rex
409 2760 468 2828 fuit
494 2749 746 2842 Atheniensium,
775 2765 830 2850 qui
855 2773 925 2830 orto
946 2761 1027 2830 bello
1048 2763 1131 2830 iuter
1149 2763 1214 2832 La*

72 2873 182 2922 eonas
223 2861 258 2915 et
284 2845 508 2925 Athenienses,
546 2869 642 2932 quum
679 2847 841 2913 oraculum
871 2872 920 2915 res
945 2846 1103 2930 ondisset‚
1136 2849 1256 2916 illosss

66 2959 178 3027 posse
197 2933 346 3014 vincere,
367 2955 512 3022 quorum
533 2930 606 2994 dux
625 2933 783 3018 perisset,
805 2873 1039 3002 habiruhumiti
1052 2933 1229 3024 profectus,

49 3019 121 3093 'est
146 3017 198 3089 ad
218 3017 367 3086 hostium
381 3017 482 3084 vicina
510 3017 671 3094 tentoria,
700 3029 733 3083 et
756 3016 817 3083 illio
838 3018 950 3109 jurgio
977 3044 1034 3089 eos
1061 3023 1094 3088 in
1125 3043 1215 3090 suam
1312 3017 1316 3030 '

70 3107 217 3178 caedent
239 3103 417 3192 instigavit,
447 3101 577 3171 essoris
600 3101 677 3169 fecit
698 3102 836 3169 oraculo.

328 3263 427 3346 162}
475 3268 716 3346 Pirithous
752 3285 793 3348 et
827 3273 960 3364 Mars.

161 3401 344 3480 Pirithous,
365 3398 574 3488 Lapitharum
598 3421 672 3477 rex,
697 3422 794 3488 quum
816 3423 947 3468 uxorem
967 3394 1116 3476 duceret,
1138 3393 1256 3490 piei-so

69 3511 138 3555 nos
170 3486 301 3574 poputos
332 3486 531 3566 Centauros,
563 3496 596 3550 et
626 3485 684 3550 sihi
716 3499 891 3574 cognatos,
926 3495 959 3552 et
988 3483 1066 3550 deos
1093 3505 1213 3564 omnes,

17 3599 18 3610 ¹
66 3583 216 3660 excepto
241 3573 363 3652 Marte,
397 3569 439 3638 ad
467 3569 641 3636 convivium
670 3575 801 3640 vocavit.
844 3569 938 3640 Unde
957 3569 1074 3636 iratum
1097 3589 1212 3634 numen

64 3659 206 3728 immisit
234 3657 392 3738 furorem,
426 3666 462 3724 ut
487 3655 640 3722 Centauri
668 3669 701 3725 et
721 3655 882 3746 Lapithae
905 3656 938 3722 in
961 3655 1040 3720 hetta
1061 3656 1212 3722 venirent.

64 3743 174 3815 Unde
204 3742 374 3831 Virgitius:
413 3741 516 3806 Mara
541 3752 682 3828 gentem
706 3742 906 3809 ‘immanem
932 3739 1076 3826 perdere
1102 3741 1213 3806 voluit
1242 3803 1243 3806 ,

64 3829 328 3919 Lapitharum.
383 3825 536 3894 Centauri
564 3824 670 3894 aute'm
706 3829 821 3899 Ixionis
853 3841 887 3897 et
913 3822 1007 3890 uubis
1037 3823 1090 3889 filii
1118 3837 1254 3918 sunt335

66 3939 157 4007 quae
182 3916 285 3984 nubes
305 3912 366 4003 ipsi
388 3936 407 3980 a
427 3913 554 3978 Junoue
574 3913 606 3978 in
627 3913 675 3978 sui
698 3913 799 3980 forma
821 3925 870 3982 est
890 3909 1046 4000 opposita.

403 4098 405 4106 ’
457 4075 549 4153 165.
604 4052 835 4154 Thessali.

157 4189 400 4284 Pelethronium
428 4209 579 4302 oppidum
601 4223 651 4288 est
673 4205 878 4278 Thessaliae,
906 4204 961 4275 ubi
989 4163 1124 4294 primurn
1154 4203 1212 4270 do-

57 4301 266 4376 mandorum
295 4320 449 4404 equorum
476 4300 627 4402 repertus
651 4305 700 4360 est
728 4314 814 4358 usus.
856 4287 940 4358 Nam
961 4314 1057 4381 quum
1081 4291 1209 4384 quidam

613 4405 814 4472 .,.
