2786 4800
471 159 878 270 ligamenta*
941 133 1016 288 .‘
1169 171 1225 250 sc
1335 130 1344 135 ’

96 352 229 443 Geplreo
258 361 291 422 et
312 351 519 440 Cassiopein,
547 353 730 442 parentibus
755 353 904 444 virginis,
932 366 970 426 ut
988 346 1047 425 sibl
1064 347 1250 438 matrimo-¹

92 441 142 506 nio
157 440 355 530 jungerent,
386 440 413 506 oi
441 437 564 505 beluam
586 439 811 508 tnreemusea
853 439 1005 511 Perfecto
1026 445 1124 532 igitur
1139 447 1224 512 Per·
1320 448 1322 456 ’

91 548 164 593 aeus
192 525 350 614 pollicito,
384 545 481 611 quum
508 522 588 590 fides
616 525 770 674 promissa
802 548 822 592 a
851 527 985 615 Cepheo
1019 541 1104 598 esset
1122 535 1223 620 prae-

90 612 175 691 stita,
209 622 244 679 et
270 611 449 698 nuptiarum
478 608 690 698 con'ugainm
714 609 813 700 epulis
843 613 998 700 principes
1016 616 1223 698 interessent,

89 697 254 776 Phineus,
287 697 339 762 cui
368 633 570 760 Andromeda
597 707 674 763 ante
697 695 802 763 fuerat
823 695 1031 785 desponsata,
1059 713 1246 773 consume-s
1310 755 1313 760 .

89 781 163 848 fiam
194 782 257 847 sibi
287 781 466 850 existimans
496 779 714 868 gravissimam
743 780 931 871 injunctam,
968 783 1226 873 qucd.a‹lrenae

89 867 353 954 consanguineus
383 866 577 954 postpositus
608 877 711 944 esset,
744 868 938 940 vescentium
966 872 1086 942 animos
1115 895 1225 961 pugna
1326 911 1331 938 r

89 952 249 1019 confudit
290 952 335 1019 Et
361 972 458 1037 quum
483 970 536 1018 res
564 950 748 1019 miserabilis
769 950 988 1020 dimicantium
1016 973 1168 1043 ageretur
1191 960 1224 1025 in

88 1038 201 1126 regia,
232 1056 274 1104 ac
304 1033 392 1103 multi
422 1057 463 1102 cx
491 1043 627 1121 utraque
653 1047 745 1188 parte
764 1041 878 1121 armis,
913 1060 996 1126 quae
1016 1063 1109 1109 casus
1131 1047 1223 1111 obtu-

88 1122 198 1204 lisset,
227 1121 435 1202 cecidissent,
464 1121 631 1188 novissime
685 1139 810 1193 ussus.
838 1125 1063 1217 pertimescens
1085 1129 1265 1211 multitu-1⁰

95 1207 203 1276 dinem
236 1205 507 1286 adversariorum,
543 1218 640 1296 capnt
668 1208 836 1296 Gorgonis
844 1245 853 1269 κ
861 1209 978 1280 extulit
1038 1212 1114 1290 Quo
1147 1215 1237 1299 riso,¹

96 1293 235 1362 Phineus
258 1297 332 1362 cum
352 1289 571 1362 auxiliantibus
592 1291 731 1382 diriguit

282 1481 355 1596 721.δ
404 1478 765 1586 Tarquinins'ct
797 1469 1030 1602 Lucretia.

96 1667 99 1678 π
177 1627 375 1719 Tarquinius
401 1632 566 1722 Superbus
593 1633 704 1702 habuit
733 1631 875 1723 perditos
906 1636 1004 1722 filios,
1036 1637 1120 1705 inter
1144 1657 1224 1728 qnos

91 1717 272 1782 Arruntem.
315 1716 475 1792 Quidum
496 1717 529 1784 in
550 1720 661 1788 castris
685 1732 787 1800 esset,
816 1731 908 1808 patre
927 1746 987 1790 suo
1008 1723 1145 1790 Ardeam
1167 1725 1267 1792 ob-1c

90 1801 236 1882 sidente,
257 1811 289 1868 et
310 1815 398 1870 crtus
420 1815 507 1871 esset
525 1803 608 1873 inter
630 1826 703 1872 eum
723 1815 756 1872 et
776 1806 976 1891 Collatinum,
999 1809 1147 1876 maritum
1158 1811 1226 1877 Lu·
1247 1849 1250 1859 ν
1271 1813 1274 1822 ’

90 1888 244 1968 cretiae„
265 1886 308 1953 de
321 1889 488 1974 ,uxoribus
519 1911 642 1972 sermo,
685 1913 827 1978 eousque
864 1895 1019 1979 processit
1055 1896 1226 1976 contentio,

89 1984 124 2040 ut
157 1969 203 2038 ad
235 1973 417 2060 probandos
448 1995 559 2046 earum
591 1998 715 2058 mores,
753 1979 887 2066 arreptis
919 1980 1027 2068 equis,
1052 1982 1168 2048 'statim
1194 1982 1227 2048 in

90 2057 207 2126 domos
230 2079 305 2126 suas
326 2058 417 2126 simul
440 2061 727 2147 proficiscerentur.
766 2061 909 2150 Ingressi
937 2066 1044 2151 itaque
1070 2067 1225 2133 civitatem

92 2143 279 2226 Collatiam,
310 2144 365 2212 ubi
397 2145 458 2213 suit
486 2144 659 2214 Lucretiae
687 2145 819 2227 domus,
851 2148 1035 2231 inveneruqt
1055 2172 1126 2217 eam
1147 2151 1268 2225 loni-20

92 2229 167 2293 licio
188 2225 266 2294 da're
285 2251 432 2318 operam,
459 2243 492 2299 et
513 2233 632 2302 tristem
654 2242 786 2320 propter
806 2232 909 2305 mariti
929 2233 1113 2302 absentiam.
1146 2234 1227 2304 lnde

90 2314 237 2382 Arruntis
259 2313 389 2382 domurn
410 2317 564 2403 proiecti,
585 2337 834 2405 quumuxorern
854 2316 922 2406 ejus
943 2319 1133 2388 invenissent
1151 2343 1227 2391 can-

91 2399 197 2466 tilenis
223 2400 503 2485 etgsaltaaonibus
530 2400 766 2491 indulgentem,
802 2404 919 2470 reversi
949 2402 1005 2478 ad
1020 2417 1124 2474 castra
1144 2418 1225 2476 sunt.

90 2483 191 2560 Quod
212 2487 332 2554 Arruns
356 2485 492 2568 dolens,
515 2511 612 2576 quum
642 2489 683 2556 de
713 2489 917 2592 expugnabili
940 2490 1112 2560 Lucretiae
1131 2493 1225 2561 casti,-

89 2581 156 2638 tute
179 2571 356 2660 cogitaret,
384 2569 488 2640 mariti
511 2575 583 2665 'ejtns
610 2574 737 2642 nornine
764 2574 926 2664 epistolam
939 2575 1053 2663 ipsit,
1083 2592 1117 2645 et
1138 2577 1269 2654 neuras
1301 2641 1304 2653 ,

88 2655 286 2740 Lucretiae;
314 2657 347 2722 in
361 2669 437 2808 'qua
462 2659 526 2726 hoc
554 2662 799 2736 continebatur,'
818 2672 855 2729 ut
873 2663 993 2748 Arruns
1015 2662 1229 2754 susciperetur

87 2741 238 2830 hospitio.
278 2741 352 2818 Quo
387 2755 477 2822 acto,
507 2767 566 2834 per
584 2761 713 2814 noctem
727 2745 837 2814 stricto
858 2745 965 2833 gladio
983 2747 1050 2837 ejus
1064 2750 1228 2838 ingressus

89 2827 273 2898 cubiculum
306 2852 378 2912 curn
410 2829 567 2919 Aethiope
607 2833 670 2899 hac
711 2843 780 2898 arte
823 2833 907 2980 cpit,
946 2844 982 2900 ut
1013 2833 1071 2900 sibi
1106 2859 1227 2904 morem

88 2925 245 3001 gereret,
286 2913 412 2992 dicens:
454 2915 527 2980 nisi
563 2939 698 2984 mecum
740 2937 844 2980 conca
868 2918 987 2996 ueris,
1023 2919 1227 3010 Aethiopem

88 3009 204 3063 tecum
244 2997 429 3082 interimo,
475 3009 643 3090 tunquam
680 2999 719 3064 in
758 2999 934 3066 adulterio
970 3001 1270 3089 deprelienscnz.uo

89 3083 226 3152 'limans
245 3083 353 3172 itaque
372 3084 544 3167 Lucretia,
579 3109 621 3152 ne
641 3085 772 3167 famam,
795 3085 947 3154 castitatis
968 3109 1093 3170 autore,
1114 3088 1228 3178 deper-
1329 3117 1332 3124 ¹

90 3167 203 3252 deret;
236 3169 352 3258 quippe
374 3182 467 3259 quam
486 3172 557 3239 sine
578 3169 768 3260 purgatione
795 3171 933 3252 lqturam
960 3195 1031 3240 sese
1058 3179 1227 3256 cernebatr
1283 3219 1292 3246 -.

89 3255 189 3322 inrita
209 3257 353 3344 turpibus
375 3256 513 3345 imperiis
534 3258 647 3347 paruit.
689 3256 734 3324 [lt
756 3255 853 3322 altero
874 3255 927 3323 die
948 3261 1131 3338 convocatis
1153 3264 1242 3347 pru-'2

90 3339 233 3428 pinquis,
260 3343 373 3408 marito
396 3342 570 3432 Collatino,
598 3355 687 3432 patre
708 3341 912 3437 Tricipitino,
939 3344 1041 3412 Bruto
1063 3344 1226 3425 avunculo,
1249 3395 1252 3402 Δ

93 3425 149 3512 qui
175 3427 317 3492 tribunus
346 3427 486 3515 equitum
516 3421 653 3495 celerum
682 3428 802 3508 suerat,
841 3450 908 3494 rem
931 3429 1090 3510 indicans,
1126 3430 1268 3532 petiits5

90 3531 135 3578 ne
155 3509 284 3578 violatus
307 3513 427 3601 pudor,
454 3534 533 3582 nere
552 3515 668 3582 inultus
688 3513 756 3604 bJus
777 3512 919 3582 interitus
940 3527 1040 3594 essct,
1066 3531 1239 3606 conpecto-¹

88 3619 154 3685 que
182 3597 290 3684 gladio
317 3622 353 3665 se
378 3600 544 3668 interemit.
592 3601 696 3679 Quem
717 3600 836 3666 Brutus
859 3600 901 3666 de
922 3601 990 3690 ejus
1016 3623 1152 3688 corpore
1173 3625 1227 3668 ex·
1302 3605 1305 3621 ‘

86 3694 227 3750 tractum
252 3695 381 3760 tenens,
411 3687 567 3773 processit
593 3685 634 3750 ad
661 3684 829 3773 pupulum,
859 3697 892 3754 et
916 3686 1012 3752 multa
1035 3697 1226 3776 conquestus
1282 3699 1307 3734 -’

87 3767 130 3835 de
152 3769 321 3857 Tarquinii
341 3772 507 3858 superbia,
535 3783 569 3842 et
589 3772 723 3838 liliorum
746 3771 814 3861 ejus
834 3771 1045 3860 turpitudine,
1073 3775 1158 3862 egit,
1186 3791 1228 3842 ne
1252 3805 1253 3808 ¹

88 3857 120 3921 in
150 3858 265 3922 urbem
299 3856 534 3943 reciperentur,
557 3857 767 3924 ¹auctoritato
798 3877 861 3944 qua
876 3861 878 3870 ’
893 3857 1060 3963 plurimum
1073 3917 1079 3928 ,
1092 3871 1269 3948 poteratro
1292 3922 1294 3930 ,

90 3941 197 4022 Num,
242 3953 278 4007 ut
305 3958 402 4029 supra
429 3941 583 4024 diximus,
619 3945 739 4011 Brutus
769 3942 913 4009 tribunus
941 3941 1083 4030 equitnm
1113 3947 1249 4014 fuerat·

93 4026 158 4092 Sed
179 4047 283 4114 quum
306 4039 369 4093 non
386 4029 603 4117 dusciperetur
618 4027 830 4116 Tarquinius,
855 4027 986 4094 contulit
1003 4051 1039 4095 se
1052 4027 1098 4095 ad
1115 4049 1227 4122 regem
1275 4046 1279 4064 ·

9 4151 10 4158 1
92 4112 234 4180 'l'usciae
248 4113 539 4201 Porsennamqui
555 4134 615 4205 pro
631 4113 805 4202 'Perquinio
825 4133 905 4180 cum'
916 4115 1098 4201 ingentibus
1118 4113 1228 4205 copiis,

91 4211 198 4292 capto!
213 4197 362 4268 laniculo
392 4211 425 4270 et
452 4199 515 4268 ilio
549 4199 660 4270 castrls
693 4199 821 4288 positis,
862 4199 1000 4270 Mmam
1019 4201 1230 4273 uehementer
