2716 4794
236 87 254 146 'i

327 197 515 325 ¹nrprscge
543 200 595 272 n.
652 195 907 274 rao-rea.
1047 271 1051 276 ,
1116 193 1193 274 lle

410 383 835 480 lauvardiaca.

141 499 303 569 Perdicca
324 514 453 570 venator
475 503 549 580 luit,
574 503 764 592 Polycastae
784 503 876 582 lilius,
896 501 952 592 qul
972 495 1078 569 matris
1095 497 1192 577 desim

80 609 168 653 amore
198 601 379 675 correptus,
418 585 491 652 dum
521 599 555 654 et
581 589 769 658 immodesta
797 589 927 655 libidine
958 585 1115 669 ferveret,
1158 597 1192 656 et

77 673 253 740 verecundia
280 674 350 738 novi
380 671 527 739 facinoris
547 675 747 758 tabesceret,
780 675 821 741 ad
851 682 1023 740 extremam
1056 672 1189 742 maciem

78 758 219 825 deductus
253 781 323 824 esse
355 755 477 826 dicitur.
528 757 590 832 Qui
620 757 736 848 primus
765 761 859 827 etiam
890 778 1011 824 serram
1036 757 1213 837 invenisses

76 843 190 910 dicitur.
233 845 301 911 Sed
329 854 363 909 ut
385 843 564 910 Fenestella
585 845 733 912 Martialis
754 845 880 918 scribit,
908 842 962 907 hic
980 841 1115 929 primunr
1137 865 1190 909 re-

76 942 156 994 nalor
184 929 266 998 fuit.v
296 929 358 995 Cui
388 953 483 1018 qaum
506 929 625 996 ferinae
647 931 754 996 caedis
775 938 908 997 cruenta
929 927 1061 993 vastatio
1083 940 1117 997 et
1137 951 1192 995 ra-

74 1014 215 1116 gabunda
246 1015 372 1080 errandi
401 1015 555 1082 cursilitas
586 1016 781 1104 displiceret,
814 1030 846 1083 ot
875 1013 1077 1079 contiroletas
1104 1035 1192 1094 suos,

76 1101 170 1167 1dest
201 1104 408 1182 Actaeonem,
444 1100 604 1182 Adonem,
639 1101 845 1191 Hippolytum
881 1096 1078 1166 miserandae
1104 1099 1192 1165 necis

79 1186 190 1256 iunctos
220 1187 344 1252 interitu
374 1187 584 1274 perspiceret,
619 1188 769 1274 pristinae
802 1185 860 1254 arti
894 1183 1081 1272 repudians,
1119 1184 1236 1273 agriro

83 1271 218 1336 culturam
248 1283 376 1338 secutus
404 1285 462 1338 est.
512 1271 565 1336 Ob
591 1293 686 1358 quam
715 1295 782 1337 rem
805 1280 937 1338 matrem
958 1268 1071 1347 deum,
1100 1270 1193 1356 qnasi

84 1367 189 1435 terram,
212 1359 348 1422 omnium
370 1357 576 1443 genetricem,
598 1379 722 1424 amasse
740 1357 864 1425 dicitur.
896 1354 969 1428 Quo
985 1353 1094 1419 labore
1115 1375 1193 1420 con-

36 1451 38 1456 “
86 1455 182 1508 santus
205 1441 360 1520 etiamad
384 1445 516 1509 maciem
537 1444 717 1530 pervenisse
737 1443 861 1510 dieitur.
902 1439 948 1507 Et
973 1439 1047 1528 quia
1069 1439 1193 1510 cunctis

87 1520 275 1594 venatoribus*
296 1526 338 1592 dc
360 1529 510 1614 pristinae
530 1529 605 1595 artis
627 1529 799 1617 opprobrio
822 1525 1029 1608 detrahebat,
1045 1546 1193 1608 ,serram

83 1609 105 1675 ld
125 1628 172 1682 est
192 1611 435 1699 maliloquium
458 1603 572 1680 dicitur
597 1614 785 1703 repperisse.
827 1613 965 1680 Matrem
987 1620 1093 1692 nutem
1116 1611 1235 1680 llo-rc

82 1693 231 1785 lraueiccpu
251 1698 378 1777 hahuit,
403 1699 493 1786 qrrasi
516 1694 762 1788 Holuuo'prrpo,
789 1698 877 1789 quod
897 1719 957 1766 nes
975 1690 1093 1768 Letlue
1114 1691 1193 1766 diol-

81 1803 132 1853 uus
152 1781 436 1870 inultifructum,
458 1786 491 1850 id
512 1797 561 1852 est
582 1795 709 1852 terram.

372 1902 460 1981 151.
513 1906 882 2008 Bellerophon.

146 2021 379 2111 Bellerophon,
413 2023 527 2090 Glauci
555 2023 652 2105 filius,
681 2047 777 2113 quum
806 2024 938 2112 ignarus
964 2023 1006 2094 ad
1026 2023 1194 2108 Proetum,

77 2107 193 2178 Abantis
220 2109 336 2187 filium,
369 2129 481 2210 regem
508 2112 660 2190 venisset,
692 2122 726 2176 et
752 2131 833 2178 uxor
858 2109 970 2178 Proeti
998 2110 1239 2189 Stenohoeuio

52 2191 248 2282 'sireAntia
270 2215 378 2260 amore
398 2217 465 2284 eyus
486 2193 625 2274 incensa,
646 2207 681 2261 ut
701 2215 810 2262 secum
831 2196 1069 2275 concumberet,
1091 2196 1132 2262 ab
1154 2216 1195 2262 eo

18 2313 19 2316 =
77 2277 150 2351 nullo
176 2279 273 2346 modo
290 2281 471 2368 ¹impetrare
502 2280 672 2369 potuisset,
703 2279 787 2367 apud
818 2301 911 2348 suam
942 2279 1197 2348 virummentita

75 2374 133 2442 est,
160 2367 201 2454 ab
223 2389 262 2430 eo
284 2389 320 2432 se
341 2367 507 2454 pro'coitu
528 2365 755 2454 interpellatam
782 2364 888 2432 luisse.
931 2365 1069 2433 Proetus
1091 2363 1197 2432 Belle-

72 2449 250 2536 ropbontem
268 2449 313 2516 ad
334 2455 498 2530 Abantem,
520 2475 667 2521 socerum
690 2473 792 2532 snum,
818 2451 915 2532 misit,
943 2451 997 2538 qui
1019 2464 1051 2518 et
1068 2449 1196 2518 labotes

72 2532 195 2611 dieitur,
223 2549 256 2602 et
278 2536 319 2602 de
340 2535 453 2602 eodem
475 2561 510 2602 re
532 2539 562 2604 ei
583 2538 706 2605 tabulas
729 2537 843 2606 socero
864 2534 1071 2626 perferendas
1094 2533 1238 2604 tradi-to

72 2619 122 2685 dit.
165 2621 287 2695 Quibus
309 2621 409 2700 lectis,
431 2625 515 2689 Abas
537 2624 717 2690 interlicere
739 2623 835 2690 voluit
856 2622 950 2690 talem
973 2623 1081 2689 virum.
1125 2619 1196 2690 Sed

72 2726 161 2790 quum
188 2707 238 2772 ille
266 2707 433 2794 prudentia
457 2732 515 2774 sua
546 2723 579 2776 et
612 2710 763 2776 castitalis
792 2709 905 2776 auxillo
933 2731 972 2794 se
998 2707 1039 2774 ah
1065 2705 1195 2794 instanti

69 2789 203 2888 periculo
232 2793 412 2872 liberasset,
448 2807 573 2871 tamen,
607 2806 643 2859 ut
674 2794 855 2882 pudicitiam
885 2796 1036 2883 probaret
1063 2790 1198 2883 periculi

70 2877 260 2956 immanitas,
278 2877 320 2942 ad
340 2879 586 2947 interficiendam
604 2879 823 2957 Chimaeram,
846 2900 886 2944 eo
908 2883 1052 2968 tempore
1072 2878 1196 2967 Lyciae
1251 2937 1255 2960 ,

70 2981 161 3044 agros
175 2974 358 3044 vastantem,
379 2963 491 3048 missus
509 2975 573 3030 est.¹
593 2963 698 3038 Quam
718 2963 779 3043 ille,
801 2986 884 3050 equo
906 2965 935 3030 P
981 2988 1037 3032 aso
1060 2974 1238 3050 acceptose

69 3045 282 3128 (miseratione
302 3049 434 3116 deorum
457 3048 498 3115 de
520 3049 677 3135 sangnine
699 3051 875 3134 Gorgonae
895 2987 990 3135 nalo&
1019 3049 1195 3138 impositus,

71 3135 241 3216 prostravit.
286 3135 454 3203 Chimaera
473 3146 578 3202 autem
601 3135 685 3200 dicta
707 3146 756 3200 est
778 3133 878 3200 bestia
901 3157 959 3201 ore
979 3135 1045 3215 leo,
1071 3143 1196 3221 postra-

69 3215 125 3280 mis
165 3221 282 3286 artibus
305 3218 420 3303 draco,
443 3222 548 3288 media
569 3232 660 3309 parte
681 3241 786 3308 capra.
828 3220 956 3288 Revera
977 3235 1082 3288 autem
1104 3237 1196 3304 monp

73 3311 121 3364 est
138 3241 282 3384 hildae,
309 3305 397 3395 cujus
423 3307 581 3395 hodieque
602 3304 694 3372 ardet
713 3327 884 3386 cacumen,
907 3306 960 3396 qui
977 3317 1050 3373 sunt
1068 3303 1195 3384 leones3

73 3383 168 3454 media
187 3405 292 3457 actem
314 3415 432 3484 pascua
453 3406 541 3472 sunt;
561 3393 717 3458 imovero
739 3392 853 3458 montis
873 3393 1072 3479 serpentibus
1080 3389 1235 3540 (pleneme

74 3465 165 3537 Hunc
183 3476 394 3566 Bellerophon
418 3478 618 3544 habitabilem
641 3479 735 3558 locit3
756 3476 843 3543 unde
858 3478 1059 3545 Chimaeram
1102 3475 1195 3539 icitur

71 3555 226 3627 occidisse,
267 3561 441 3630 Interleota
460 3563 566 3631 auteln
586 3563 862 3654 aBellerophonte
876 3563 1057 3640 Chimaera,
1079 3561 1196 3627 ilerum

72 3638 297 3713 adducendos
320 3648 500 3738 Calydonos
520 3651 634 3716 missus
656 3661 712 3716 est.
756 3650 879 3725 Quibus
901 3649 1006 3727 victis,
1031 3648 1116 3712 Abas
1136 3645 1195 3712 im·
1260 3733 1262 3738 Ι

69 3737 159 3808 pacta
173 3732 411 3819 Bellerophonti
433 3735 562 3800 crimina
579 3734 724 3815 abolevit,
745 3734 954 3820 virtutemque
969 3733 1036 3823 ejus
1051 3729 1194 3812 laudans,

70 3807 192 3884 alteram
218 3819 313 3886 liliam
344 3841 434 3886 suam
461 3821 640 3888 Alcimenen
670 3821 699 3884 ei
722 3841 853 3886 uxorem
873 3817 972 3886 dedit.
1013 3819 1055 3887 At
1076 3817 1235 3889 steno-ro
1337 3859 1338 3864 κ

70 3891 164 3984 buca,
191 3923 228 3970 re
251 3905 399 3994 cognita,
425 3906 581 3994 seipsam
603 3903 773 3976 interfecit.

250 4045 253 4048 ’
312 4031 405 4108 152.
458 4034 680 4134 luppiter
721 4047 765 4111 et
796 4034 934 4110 Leda.

68 4221 109 4286 fil,
148 4145 351 4266 hyphen-in
373 4151 511 4240 speciem
533 4154 629 4242 cygni
649 4163 831 4256 conversus,
852 4177 925 4221 cum
946 4149 1050 4229 Leda,
1071 4150 1198 4222 'Phcstli
1263 4203 1269 4210 .

62 4277 65 4282 ,
103 4249 147 4310 ¹³,
176 4235 318 4330 'lyndan
345 4261 461 4319 uxore,
478 4250 561 4304 *rem
592 4240 711 4307 habuit.
753 4240 847 4316 Quae
870 4239 912 4308 de
931 4241 1013 4347 loro
1033 4240 1198 4308 Pollucem
