2716 4794
151 139 263 236 rea
424 158 611 260 nyuogn
643 155 808 264 urfa.
863 133 1008 230 με.
1222 263 1223 268 q

150 341 238 432 quod
260 343 441 433 perenniter
462 339 651 410 duraturum
673 350 739 421 est3
760 361 824 410 non
844 327 937 419 illud,
961 337 1050 426 quod
1071 341 1283 420 tmnsitorium

152 443 210 498 est.
239 431 290 497 Le
314 430 378 496 itur
399 439 506 498 autem
528 439 561 496 et
581 427 613 493 in
630 427 769 506 historia,
790 423 933 492 Ixionem
947 425 1083 512 primum
1099 426 1131 492 in
1145 429 1283 494 Graecia

151 515 245 602 regni
275 451 411 604 gloriam
441 515 629 593 affectasse3
669 512 723 601 qui
757 511 817 578 silri
854 519 981 576 centum
1013 512 1136 601 equites
1165 514 1283 602 primus

152 601 290 667 omnium
327 599 520 687 conquisivit.
569 597 667 666 Unde
699 608 732 664 et
765 595 922 665 Centauri
952 594 1030 664 dieti
1060 609 1152 678 sunt,
1194 601 1284 686 quasi

126 695 291 752 arentum
310 685 453 750 armati.
496 683 528 750 Is
558 682 657 772 igitur
689 704 787 771 parro
808 693 952 769 tempore
975 682 1120 753 celeriter
1146 705 1284 770 regnum

87 819 89 830 ,
152 771 307 858 adeptus,
340 768 457 838 dehine
487 790 591 857 regno
622 767 772 857 expulsus
800 778 858 834 est
902 765 983 836 lnde
1004 769 1100 838 etiam
1121 767 1164 837 ad
1183 782 1285 836 rotam

152 856 320 927 damnatus
351 854 495 933 dicitur„
519 852 610 958 quod·
637 866 729 940 rotae
757 852 881 940 vertigo
909 875 993 942 quae
1022 855 1189 943 superiora
1213 869 1286 924 sunt

151 938 256 1009 statim
271 939 392 1029 dejicit.
435 940 509 1015 Qua
530 963 561 1008 ru
582 960 619 1005 re
645 938 841 1014 ostenditur,
861 937 959 1027 quod
985 940 1040 1027 qui
1060 934 1228 1030 perarma
1252 953 1285 1008 et

152 1026 330 1094 violentiam
360 1047 498 1113 regnum
534 1026 703 1105 affectant,
761 1024 888 1093 subito·
908 1023 1070 1094 elevantur
1111 1035 1143 1092 et
1180 1026 1285 1100 subito

111 1109 388 1200 rodeprimuntur,
426 1111 508 1178 sicut
546 1123 632 1192 rota,
676 1131 759 1200 quea
797 1110 909 1178 stabile
945 1131 1009 1177 non
1049 1110 1147 1180 habet
1178 1133 1285 1180 ¹cacu-

152 1220 234 1264 men.

232 1284 264 1349 7.
308 1281 360 1348 De
402 1279 528 1371 poetica
564 1290 682 1348 tamen
712 1277 949 1348 Centaurorum
982 1279 1206 1356 adinventione
1240 1280 1286 1348 sie

150 1368 287 1436 Servius·
310 1370 364 1434 ait.
412 1364 690 1454 Quum„lnquit,
746 1363 853 1442 uidam
880 1365 1058 1456 Thessalus
1091 1388 1149 1434 rex
1178 1366 1283 1446 bubus

104 1511 107 1516 .
149 1464 256 1522 oestro
279 1452 407 1544 agitatis
431 1451 579 1520 satellites
600 1475 677 1520 suos
698 1388 744 1518 ad
762 1473 819 1518 eos
834 1451 1039 1520 revocandos
1058 1451 1107 1518 ire
1131 1453 1283 1540 jussisset,

109 1555 143 1606 rt
152 1551 184 1608 et
204 1539 236 1605 hi
258 1537 301 1606 ad
324 1559 453 1605 cursum
474 1547 599 1607 tantum
617 1559 678 1603 non
694 1535 903 1618 sufficerent,
935 1557 955 1604 e
978 1537 1283 1622 uosascendcrunt,

150 1636 315 1693 eteorum
336 1623 503 1690 velocitate
526 1624 621 1690 bores
643 1621 765 1704 secuti,
789 1644 846 1688 eos
868 1621 982 1691 etimu'
1021 1621 1064 1692 ad
1085 1635 1173 1692 tecta
1192 1645 1283 1688 rero-

150 1721 273 1778 carunt.
315 1707 383 1775 Sed
406 1707 439 1772 hi
459 1731 558 1797 quum
579 1719 636 1776 aut
655 1707 738 1776 irent
759 1705 927 1789 velociter,
959 1720 1018 1778 aut
1046 1731 1146 1798 quum
1174 1728 1283 1778 eorum

150 1793 808 1959 ttlrttttltlltittttnttilltt
825 1793 1282 1968 tlttltltltttltttl

251 1947 258 1958 2
681 1929 690 1960 i

108 1976 349 2055 annularentur.
393 1963 548 2034 Centauri
570 1975 675 2033 autem
697 1988 717 2031 a
739 1961 868 2032 Graeco
890 1961 1083 2055 κενταύροις
1103 1963 1182 2051 dieti
1202 1977 1279 2034 sunt

150 2053 206 2118 Alii
238 2074 313 2117 vero
342 2051 580 2117 Centaurorum
609 2049 747 2119 fabulam
779 2052 950 2120 confictam
977 2075 1050 2120 esse
1072 2063 1222 2119 asserunt
1241 2048 1278 2116 ad

151 2135 388 2226 exprimendam
419 2138 577 2204 lrumanaa
605 2138 686 2205 vitae
715 2136 933 2217 velocitatem,
966 2138 1042 2227 quia
1067 2159 1187 2225 equum
1209 2159 1280 2205 con·

151 2235 215 2290 stet
244 2245 315 2289 esse
342 2222 583 2290 uelocissimum.
616 2224 721 2291 Sane
748 2221 791 2290 de
819 2221 885 2302 his,
915 2233 962 2291 =ut
997 2223 1086 2314 ajunt
1118 2223 1221 2290 Stoici
1245 2231 1280 2288 et

59 2339 63 2351 ·
151 2307 332 2375 Academici
340 2311 355 2388 ‚⁶
384 2319 417 2374 et
445 2308 578 2390 ceteris,
611 2331 694 2397 quae
722 2319 835 2388 eontra
862 2320 1008 2377 naturam
1032 2307 1186 2386 dicuntur
1206 2308 1281 2386 lieri,

10 2415 11 2418 ¹
88 2391 389 2480 ‘unintelligendum
412 2405 478 2474 cst,
507 2416 569 2459 non
590 2391 678 2482 quod
699 2394 795 2474 liant,
823 2392 882 2461 sed
903 2393 991 2482 quod
1009 2393 1197 2485 plerumque
1218 2393 1282 2459 lieri

12 2759 15 2842 l

13 2847 16 2923 l

14 2925 17 3009 l

15 3037 19 3129 l

16 3135 18 3181 r

151 2478 324 2546 videantur.
368 2478 441 2553 Qua
463 2478 505 2544 de
529 2501 565 2544 re
588 2491 697 2568 aptum
718 2479 935 2569 Hieronymus
957 2479 1136 2582 exemplum
1153 2479 1185 2545 in
1204 2479 1280 2546 libro

151 2564 194 2630 de
215 2565 293 2632 Vitis
315 2564 450 2629 Petrum
471 2573 599 2645 narrat,
620 2564 674 2630 ulri
696 2561 739 2630 de
759 2563 919 2632 miraculis
940 2565 1074 2632 Macarri
1095 2565 1173 2652 agit
1217 2566 1281 2632 Cu-

145 2649 276 2738 jusdam
298 2649 398 2730 enim,
426 2647 546 2736 inquit,
570 2649 803 2738 patrisfamilias
827 2650 918 2740 virgo
940 2650 1003 2731 lilia
1023 2673 1082 2742 per
1126 2651 1282 2727 hantasies

151 2737 294 2823 magicas
325 2733 357 2799 in
386 2734 536 2822 equinum
564 2735 678 2802 animal
708 2757 799 2819 versa
825 2735 1005 2804 hominibus
1030 2674 1216 2818 ridelatur,
1250 2745 1283 2803 ut

107 2843 264 2890 aorerera
296 2818 379 2908 equ'a
407 2842 478 2887 esse
505 2841 568 2885 non
589 2820 693 2909 puella
714 2833 891 2913 putaretur.
933 2823 1030 2898 Hauc
1050 2841 1150 2910 quum
1172 2843 1284 2910 paren·

151 2921 199 2974 tes
231 2905 272 2972 ad
301 2916 445 2974 sanctum
466 2905 644 2976 Macarium
675 2906 857 2990 duxissent,
891 2918 925 2986 et
952 2907 1020 2988 ille,
1048 2907 1286 2996 paletenmet

149 3003 410 3082 percontaretur,
439 2991 602 3078 dixerunn
632 2993 663 3062 E
686 2994 851 3076 uaghaeo,
881 3015 976 3083 quam
999 2990 1105 3067 vident
1127 2992 1216 3065 oculi.
1233 2991 1286 3069 tui,

149 3077 254 3166 puella
277 3077 368 3164 virgo
391 3086 425 3144 et
444 3073 507 3144 lilia
529 3089 639 3149 nostra
661 3015 738 3162 duim
759 3077 819 3152 sed
840 3077 984 3156 homines
1004 3078 1130 3168 pessimi
1144 3079 1287 3165 ,magicis

151 3161 271 3231 artibus
299 3163 331 3229 in
366 3162 481 3241 animal
510 3165 594 3242 hoc,
612 3163 718 3254 ‘quod
746 3163 850 3246 vides,
885 3175 1057 3234 verterunt
1101 3164 1295 3253 ¹Rogamus

19 3279 21 3318 r
108 3268 251 3338 asergo,
273 3261 309 3316 ut
330 3269 404 3317 ores
427 3247 469 3316 ad
489 3249 669 3332 dominum,
698 3263 733 3320 ut
758 3261 932 3324 commutet
953 3266 1025 3319 eam
1044 3249 1077 3317 iu
1098 3249 1178 3330 hoe,
1202 3247 1288 3338 quod

152 3337 221 3403 luit.
265 3338 308 3402 Ar
338 3334 390 3401 ille
421 3335 482 3402 ait:
516 3337 593 3424 Ego
623 3335 716 3406 'hanc‘
757 3359 830 3426 qam
851 3333 1016 3416 ostenditis
1037 3335 1173 3424 puellam
1196 3336 1289 3403 video

151 3421 225 3488 nihil
252 3421 284 3486 irr
306 3419 496 3518 sepecudis
517 3422 697 3490 habentem
734 3360 811 3488 lloc
833 3431 964 3501 autem„
979 3421 1067 3509 quod
1090 3420 1212 3502 dicitisp
1227 3444 1290 3488 non

21 3509 25 3568 i
127 3518 200 3574 -est
221 3510 252 3572 in
269 3505 346 3596 ¹ejus
378 3528 533 3599 corpore,
570 3506 627 3574 sed
660 3507 694 3574 in
723 3505 823 3572 oculis
851 3507 1053 3584 intuentium·
1093 3507 1290 3582 Phantasiae

151 3595 234 3659 enim
258 3590 547 3660 daemonumsunr
573 3592 671 3674 istae,
712 3614 774 3658 non
809 3592 924 3660 veritas
956 3615 1073 3660 rerum.
1115 3593 1290 3682 Quumque

23 3688 25 3733 ἒ
108 3695 226 3762 rocam,
244 3701 318 3744 cum
341 3677 527 3764 parentibus
548 3678 614 3744 suis
635 3679 668 3747 iu
690 3678 833 3744 cellulam
864 3701 955 3746 suam
982 3675 1228 3761 introduxisset,
1258 3689 1291 3744 et

25 3767 26 3819 ἐ
148 3763 315 3831 'dominum
341 3773 475 3843 orasset,
497 3763 634 3851 oleoque
651 3786 723 3830 eam
737 3765 777 3830 in
800 3765 926 3829 nomine
946 3762 1064 3830 domini
1079 3745 1289 3852 perunxissel,

25 3859 29 3934 l

151 3851 236 3932 omni
258 3847 380 3916 lallaeia
399 3850 485 3916 visus
507 3849 656 3938 expulsa,
688 3849 844 3937 virginem
869 3848 1034 3928 omnibus,
1063 3859 1101 3920 ut
1120 3849 1180 3915 sibi
1202 3848 1288 3916 ride·

27 3979 29 4002 ι
152 3933 262 4014 batur,
291 3935 408 4000 effecit.
450 3933 579 4008 Idcirco
602 3935 697 4002 etiam
724 3935 854 4086 mafflcn
880 3956 933 4002 ars
955 3936 1056 4003 omnis
1079 3959 1099 4000 a
1122 3935 1289 4012 Romanis,

27 4017 29 4066 ’ἶ
151 4029 187 4090 ut
208 4021 329 4088 Plinius
350 4019 522 4089 Secundus
543 4021 574 4086 in
598 4019 744 4089 Naturali

803 4019 913 4089 'storia
935 4019 1049 4101 docet,
1079 4019 1209 4093 exclusa
1230 4029 1289 4096 est.

28 4117 29 4124 ’
108 4121 143 4170 re
179 4125 184 4136 ·
235 4110 265 4173 S.
310 4104 376 4171 Sed
395 4103 612 4174 adirerticulo
634 4103 747 4188 adid,
768 4105 858 4193 quod
879 4105 1055 4192 coepimus.¹
1084 4120 1289 4183 revertamur.

110 4275 113 4282 Ι
150 4195 202 4262 De
226 4215 283 4269 eo,
315 4187 404 4276 quod
426 4191 716 4263 lunonemaiirem
728 4188 891 4296 dicimus,
905 4251 909 4260 .
924 4190 999 4268 illud
1023 4191 1291 4282 ejus,ounr2Jore

1065 4483 1069 4485 ⁵
1104 4508 1110 4546 r
