2716 4794
337 141 520 288 aarum.
547 178 599 250 n.
655 175 800 250 ras-.-
818 173 912 254 raa.
1117 175 1193 252 ur

71 363 137 452 iter..
145 352 305 450 weard
335 381 399 428 nou
424 371 551 450 posset,
589 358 785 441 Daedalum,
820 360 1047 447 fabricatorem
1074 365 1192 454 operis,

69 461 98 516 ut
122 447 227 536 aliqua
258 457 331 514 arte
353 446 483 514 'l'heseo
514 447 710 526 subveniret,
745 445 893 518 exorata
946 447 1009 523 Qui
1037 470 1109 516 eum
1141 451 1189 516 in-

66 545 194 604 trantem
221 531 264 598 fili
293 531 423 624 globum
452 544 525 621 post
547 557 583 602 se
601 531 890 623 jussit'resolrere,
922 545 959 602 ut
985 531 1069 601 illum
1092 557 1187 621 egre-

47 621 146 687 diens
167 615 360 704 relegendo,
383 616 536 695 redeundi
554 641 612 707 per
634 617 773 686 lexicues
793 629 902 707 posset
920 642 1081 707 superare.
1112 623 1193 698 Quo'

62 703 248 794 adimpleto,
281 703 429 769 Theseus
455 704 562 770 occiso
591 643 770 770 hllnotauro
797 704 897 771 victor
929 706 1112 790 egreditur,
1153 719 1211 780 eta
1340 767 1344 792 ,

61 802 149 880 rapta
176 786 314 856 Ariadne
337 786 479 876 aufugit,
508 813 602 878 quam
624 801 729 856 tamen
753 790 785 854 in
805 789 899 856 Naxo
920 789 1037 870 insula,
1065 793 1194 860 Libero
1231 839 1234 844 ,

62 875 183 958 dicata,
211 874 415 942 dormientem
437 875 569 963 reliquit.
612 874 719 958 Quam
738 898 834 963 quum
854 874 955 942 Liber
976 897 1106 944 uxorem
1127 877 1188 944 du·
1262 861 1271 884 ⁸

61 975 165 1044 ceret,
190 959 349 1026 Vulcanus
372 963 399 1026 ei
422 979 590 1041 coronam,
612 961 674 1027 Vll
696 959 892 1050 lampadibus
909 961 1107 1046 insignitam,
1129 966 1187 1032 ob-

61 1049 140 1131 tulit3
170 1068 266 1137 quam
287 1045 336 1112 illc
358 1059 392 1114 ut
411 1049 516 1114 uxoris
537 1047 663 1134 insigne
683 1047 764 1114 inter
786 1045 891 1116 sidera
912 1046 1085 1118 collocarit

444 1213 536 1292 125.
590 1214 808 1317 Aegeus.
968 1178 974 1182 ῃ
1194 1187 1255 1308 10¹

141 1347 271 1434 Aegeus
301 1353 406 1410 antem
432 1343 575 1410 filiosuo
621 1358 822 1434 raeceperat,
852 1357 889 1415 nt
916 1347 943 1414 si
962 1349 1063 1416 victor
1081 1369 1189 1416 rerer-

73 1441 195 1512 teretur,
230 1429 298 1496 rela
326 1441 471 1494 mutaret.
514 1367 617 1504 Quod
635 1451 732 1518 (rcum
752 1425 810 1496 ille*
823 1432 939 1501 oblitus
959 1457 1024 1498 non
1048 1434 1186 1514 fecisset,

73 1520 184 1604 legens
200 1515 395 1605 prospiciens
409 1513 620 1584 alitorc'relis
642 1539 704 1582 non
727 1518 853 1586 mutatis
872 1517 1058 1591 redeuutem
1079 1519 1189 1602 filium,

72 1605 172 1670 rictum
193 1601 380 1674 aestimans,
401 1597 496 1680 mari,
516 1599 548 1666 in
571 1600 665 1690 quod⁴
679 1625 715 1668 se
735 1603 966 1692 praecipitarit,
997 1628 1111 1672 nomen
1128 1606 1187 1671 im·
1223 1647 1239 1664 κ

45 1690 171 1777 ,posuit
223 1687 372 1754 'I'heseus
408 1706 484 1751 raro
512 1686 587 1761 odio
615 1687 674 1754 loci
703 1687 777 1753 in'de
799 1689 970 1776 navigans,
1005 1690 1047 1757 ad
1065 1691 1230 1762 Italiamlt

44 1774 155 1849 'renim
189 1783 223 1842 et
250 1770 464 1837 Brundusium
497 1770 645 1847 condidit.
689 1774 782 1847 Quae
809 1797 906 1863 quum
930 1779 1034 1843 omnia
1053 1775 1190 1846 factione

67 1857 194 1928 Daedali
223 1859 326 1923 Minos
359 1855 614 1944 deprehenderet
644 1860 774 1939 effecta,
810 1882 883 1926 eum
911 1884 983 1927 cnm
1007 1865 1101 1929 [caro
1122 1886 1190 1931 ser-

66 1946 195 2012 randum
216 1945 248 2008 in
265 1941 474 2032 labyrinthum
495 1945 596 2012 trusit.
640 1944 708 2010 Sed
721 1944 891 2028 Daedalus,
914 1950 1070 2051 corruptis
1083 1961 1191 2016 custo-

66 2033 170 2111 dibus,
210 2030 270 2096 sub
301 2027 453 2106 faciendi,
491 2049 554 2116 quo
586 2053 642 2096 rer
672 2029 867 2116 placaretur,
900 2054 1037 2100 muneris
1071 2036 1189 2122 specie,

36 2141 163 2184 ›ceram
199 2114 332 2202 accepit.
397 2113 533 2190 Exinde„
551 2126 616 2181 tam
643 2116 702 2182 sibi
733 2137 827 2203 quam
857 2116 920 2182 filio
953 2118 1008 2184 alis
1034 2119 1186 2207 impositis
1195 2145 1231 2192 ιο

67 2201 201 2269 avolarit.
243 2201 354 2266 Icarus
382 2198 492 2268 altiora
519 2212 648 2288 petens,
678 2200 787 2287 pennis
808 2200 882 2267 solis
905 2203 1012 2268 calore
1032 2203 1190 2284 resolutis,
1225 2234 1228 2240 ·

65 2290 152 2368 mari,
173 2289 207 2352 in
228 2284 315 2374 quod
333 2283 476 2362 cecidit,
492 2308 605 2350 nomeu
626 2285 783 2372 imposuit.
813 2283 977 2362 Daedalus
999 2310 1074 2355 raro
1087 2291 1189 2376 primo

62 2375 91 2439 in
112 2372 310 2449 Sardiniam,
332 2381 406 2458 post
425 2370 557 2438 delatus
570 2384 619 2438 est
640 2371 778 2450 Cumas,
799 2371 907 2462 ibique
918 2371 1051 2464 Apollini
1072 2375 1189 2464 templo

63 2459 206 2541 condito,
236 2459 268 2523 in
290 2453 409 2524 loribus
431 2457 512 2522 haec
534 2459 678 2524 universa
700 2456 852 2546 depinxit.
957 2473 959 2477 ’

419 2587 525 2699 126.
580 2627 803 2706 Taurus.
1081 2666 1094 2686 .
1195 2657 1231 2705 as

141 2755 269 2827 Veritas
286 2805 289 2810 -
305 2761 410 2820 autem
443 2753 489 2820 sic
521 2755 557 2820 se
587 2754 692 2822 habet.
742 2755 872 2824 'faurus
906 2755 1047 2824 notarius
1075 2756 1190 2824 Minois

62 2866 97 2908 re
122 2843 149 2910 is
172 2842 248 2920 l'nit,
270 2861 365 2926 quem
385 2838 546 2926 Pasiphae
569 2841 700 2920 amavit,
722 2852 754 2907 et
775 2864 847 2907 cum
867 2840 918 2907 illo
939 2843 971 2906 iu
993 2840 1087 2910 domo
1104 2844 1192 2910 Dae*

11 2935 13 2944 ⁴
61 2865 122 2995 dal
142 2950 212 2994 rem
234 2925 353 2994 habuit.
394 2924 439 2992 Et
458 2924 531 3026 quia
552 2925 697 3022 geminos
721 2927 861 3013 peperit,
890 2948 987 3012 unum
1009 2927 1051 2994 de
1071 2930 1190 3006 Mincii,

60 3027 94 3081 et
115 3036 211 3080 nuum
229 3010 273 3079 de
292 3010 424 3090 rPauro,
457 3033 551 3076 cuma
579 3033 650 3078 esse
678 3011 892 3086 Minotaurum
918 3011 1041 3092 dicitur.
1084 3014 1189 3088 Quam

62 3102 103 3176 ob
124 3100 250 3188 culpam
270 3095 422 3162 inclusum
443 3094 622 3162 Daedalum
651 3098 780 3183 regina,
811 3097 969 3186 corruptis
992 3099 1232 3178 custodibusso

61 3183 225 3268 relaxarit,
253 3181 324 3272 qui,
351 3182 468 3250 amisso
488 3183 521 3250 in
541 3182 621 3250 mari
642 3183 725 3264 fiho,
749 3183 820 3266 uari
842 3182 965 3252 delatus
988 3196 1038 3254 est
1059 3176 1190 3252 Cumas.

438 3349 532 3426 127.
586 3353 808 3458 Scyron.
918 3357 920 3364 '

134 3469 269 3573 ‘Scyron
300 3481 441 3570 hospites
473 3503 548 3547 suos
575 3493 774 3550 transeuntes
808 3504 885 3552 saxo
916 3479 1057 3547 residens
1112 3476 1188 3546 edes
1290 3500 1303 3540 ·.

63 3563 122 3630 sibi
142 3565 243 3636 latare
257 3590 296 3634 co
324 3570 407 3647 ebat,
430 3589 550 3652 eosque
571 3589 610 3633 ex
631 3568 798 3657 improviso
815 3568 1055 3660 praecipitabat.
1084 3503 1188 3642 duem
1333 3581 1337 3590 ·

63 3660 168 3721 tanam
184 3653 279 3723 Daed
312 3677 348 3722 us
369 3652 566 3741 percussisse
589 3651 714 3723 dicitur.
1194 3671 1231 3720 aa

430 3803 523 3896 1282
578 3793 825 3900 Theseus.

146 3949 312 4029 Theseus,
343 3949 446 4038 Aegei
480 3961 513 4018 et
543 3951 681 4017 Aethrae
710 3951 810 4031 filius,
848 3960 973 4016 mortua
1005 3946 1190 4040 Hippolyte,

63 4026 264 4119 Phaedram,
285 4034 399 4104 Minois
420 4047 454 4102 et
473 4034 648 4124 Pasiphaes
670 4035 782 4115 filiam,
803 4034 993 4124 superduxit·
1006 4031 1191 4124 Hippolyto.

63 4115 130 4187 Qui
158 4139 251 4208 quum
281 4120 322 4190 dc
349 4133 459 4210 stupro
487 4121 568 4186 illam
597 4122 847 4210 interpellantem
877 4120 1114 4197 contemsisset,
1149 4121 1190 4186 ab

64 4197 120 4268 illa
148 4206 224 4276 falso
255 4221 423 4306 accusatus
453 4211 502 4276 est
524 4206 610 4297 apud
630 4223 771 4296 patrem,
806 4208 893 4296 quod
912 4208 971 4275 rim
994 4207 1023 4272 ei
1045 4205 1233 4274 voluissetto
