2698 4804
185 179 191 189 *
265 171 447 278 uyaogr.
476 173 546 277 ur,
601 154 662 250 rt.
716 173 903 251 11-12.
1073 163 1206 252 aas·

59 357 176 434 ciborum
207 359 401 510 apparuerit,
447 357 595 428 ardorem
632 353 777 423 bellicum
812 358 992 446 significare
1008 389 1011 414 ι
1025 354 1159 448 peteme
1209 427 1213 432 .

58 446 194 511 oriturum.
265 445 297 510 in
318 445 463 532 luppiter
488 443 537 510 sel
556 445 663 512 Venus
685 451 796 508 coorta
815 445 930 527 fuerit,
961 445 1058 534 ipsius
1089 449 1157 514 vio.

56 530 159 596 lentiam
177 529 335 615 mitigare,
364 531 578 617 effectumque
598 525 758 594 annullare
777 529 929 597 creditur.
1047 563 1070 574 -1

121 617 167 682 11.
207 615 375 681 Romulum
391 625 423 680 et
439 615 577 680 Remum
590 613 658 679 e‘us
672 611 751 714 fingi
767 609 847 680 filios
861 623 995 695 constat,
1015 614 1089 702 quia
1099 615 1155 682 riri
1225 683 1229 690 ,

54 699 162 766 suerunt
187 701 331 766 bellicosi.
379 699 464 765 Nam
493 695 580 786 quod
614 719 677 786 upa
698 696 847 765 dreuntur
873 701 940 782 alti,
978 701 1180 768 tenuemus

51 785 216 871 figmentum
237 799 285 853 est
305 784 347 850 ad
369 783 530 850 celandam
555 805 685 850 arorurn
705 783 843 852 Romani
864 784 991 882 generis
1021 788 1156 874 turpitu-

51 868 147 936 dinem.
186 871 256 937 Nec
278 871 454 957 incdngrne
475 870 691 956 excogitatum
710 879 769 936 est.
815 869 899 936 Nam
920 885 952 939 et
973 873 1156 942 meretrices
1236 911 1238 916 ,

50 956 82 1019 ab
104 957 316 1024 obscoenitatis
345 967 377 1022 et
403 955 511 1026 odoris
548 979 588 1022 ac
621 953 804 1056 rapacitatis
831 951 1032 1025 similitudine
1052 956 1156 1058 lupas
1236 983 1241 1009 1

50 1063 195 1122 rocamos;
225 1043 314 1108 unde
334 1051 368 1106 et
386 1041 581 1124 lupanaria
600 1037 743 1108 dicrmus.
794 1041 930 1108 Constat
956 1041 1019 1106 hoc
1042 1042 1157 1108 animal

49 1127 127 1191 etiam
148 1149 215 1193 esse
237 1127 269 1191 in
288 1123 387 1194 tutela
406 1125 538 1204 Martis3
565 1123 672 1212 picum
701 1119 795 1193 Marti
818 1115 1016 1204 consecrari,
1047 1126 1100 1214 qui
1121 1139 1155 1193 et
1164 1146 1199 1196 ιο

49 1210 110 1298 ipsis
129 1212 273 1300 expositis
306 1212 451 1276 alimenta
470 1209 577 1277 tulisse
599 1209 714 1288 fertur,
752 1210 827 1299 quia
853 1212 935 1278 haec
960 1210 1026 1277 avis
1061 1213 1156 1276 rostri

50 1297 173 1362 acumine
205 1297 290 1362 velut
324 1296 463 1361 lanceae*
492 1291 623 1361 doside
658 1294 699 1359 lin
727 1318 773 1361 na
800 1297 967 1368 durissima
1003 1305 1156 1384 penetret.

49 1381 93 1445 Illa
111 1384 186 1448 euim
216 1382 258 1447 de
286 1381 366 1447 Pico
398 1401 481 1466 rege
513 1319 620 1446 saluis
644 1317 725 1445 nihil
753 1379 795 1446 ad
825 1382 910 1448 banc
937 1404 1024 1459 rem,¹
1065 1379 1156 1447 Illum

49 1487 192 1556 namque,
212 1479 247 1532 ut
269 1462 501 1539 vult‘Serrius,
530 1462 650 1536 amarit
670 1465 832 1546 Pomona,
864 1466 898 1533 id
920 1477 969 1534 est
989 1487 1155 1556 pomorum

50 1548 114 1631 dea,
139 1553 268 1642 ejusque
303 1562 352 1618 est
380 1551 502 1616 sortitio
535 1549 737 1639 conjugium
764 1550 853 1643 quod
885 1551 989 1620 tamen
1021 1550 1198 1624 Ovidiusas

49 1635 73 1699 in
90 1649 192 1724 quarto
214 1637 340 1704 decimo
361 1634 660 1724 Metamorphoseon
690 1634 733 1701 de
760 1635 909 1726 Nympha
934 1636 1061 1704 nomine
1090 1638 1155 1704 Oa-

50 1735 126 1788 nente
145 1723 313 1790 fabulatur.
353 1721 438 1786 Nam
459 1720 550 1786 aliam
571 1721 668 1786 luisse
690 1722 882 1805 Pomonam,
918 1721 1189 1810 vertamusque.
1235 1773 1245 1790 .

50 1809 171 1894 nupsisse
191 1805 300 1874 refert.
350 1807 470 1874 Postea
493 1806 589 1872 Circe
619 1828 716 1893 quum
745 1805 880 1874 eundem
900 1809 1014 1874 Picum
1032 1819 1157 1874 'amaret

51 1903 76 1955 et
91 1907 302 1980 sperneretur,
331 1890 413 1958 irata
434 1892 558 1958 eumin
579 1913 668 1956 arem
689 1890 837 1962 Martiam
864 1894 1028 1990 convertit.
1070 1893 1155 1958 Nam
1242 1948 1245 1954 .

50 1975 128 2046 altera
147 1993 194 2046 est
214 1980 297 2068 pica.
338 1973 414 2042 Hoc
434 1985 539 2044 autem
560 1974 634 2042 ideo
655 1977 805 2064 fingitur,
833 1980 907 2066 quia
927 1979 1025 2045 Picus
1048 1994 1199 2065 augusto

50 2059 109 2140 luit,
137 2065 256 2130 babens
279 2061 382 2149 picum
404 2083 510 2140 arem,
542 2082 600 2149 per
620 2063 844 2149 quam-futura
871 2067 1044 2140 noscebat,
1072 2065 1156 2130 sicut

49 2149 218 2292 pontificales
239 2148 382 2214 indicant
412 2147 499 2227 libri;
537 2143 623 2210 unde
653 2155 686 2210 et
714 2146 825 2214 lituum
849 2159 974 2215 statuae
1002 2149 1070 2238 ejus
1102 2147 1157 2215 dat

66 2232 94 2294 'ir
115 2235 185 2302 ilius.
207 2305 214 2324 ,
227 2236 291 2302 Est
305 2245 411 2300 autern
425 2231 520 2300 lituus
533 2231 681 2298 incurvus
696 2251 857 2319 augurum
870 2231 1012 2313 baculus,
1033 2254 1099 2318 quo
1114 2232 1157 2298 ad
1183 2297 1186 2308 ,
1206 2237 1208 2252 “
1264 2299 1265 2304 ,

50 2255 114 2383 cael
125 2321 219 2409 spatia
241 2315 452 2405 designanda,
473 2340 513 2384 eo
534 2313 621 2406 quod
642 2337 739 2382 manu
754 2337 818 2382 non
837 2317 956 2398 liceret,
976 2317 1156 2386 utebantur.
1254 2359 1258 2368 ι

48 2401 144 2472 Certae
161 2405 298 2473 enimin
320 2400 410 2469 caelo
441 2413 542 2470 metas
571 2402 852 2494 notabant„intra
879 2425 959 2490 quas
988 2401 1199 2470 volantiumas

48 2487 132 2556 arium
143 2493 244 2559 omina
262 2488 506 2556 considerarent.
551 2487 678 2568 Circen,
698 2509 793 2576 quam
807 2483 982 2554 seneticam
996 2486 1096 2555 fuisse
1109 2487 1157 2554 in·
1218 2499 1219 2506 ’

48 2569 164 2656 ducunt,
184 2580 225 2644 ab
248 2598 288 2641 eo
317 2577 508 2641 contemtum
529 2581 620 2653 retr,
652 2573 726 2661 quia
746 2573 903 2642 veneficiis
923 2573 1157 2640 renuntiaverit.

115 2663 161 2728 12.
202 2659 273 2727 Res
294 2659 363 2747 ipsa
376 2660 543 2810 postulare
565 2657 707 2752 ridetur,
741 2660 888 2747 quoniam
909 2658 950 2725 de
978 2658 1155 2746 auguribus

46 2747 151 2830 tempus
172 2746 355 2823 admonuit,
398 2767 417 2810 e
437 2742 662 2833 superstitiosis
684 2752 843 2832 augurum
865 2746 1007 2833 ineptiis,
1030 2743 1103 2832 quia
1123 2744 1156 2808 in

45 2820 83 2891 his
101 2837 212 2915 poetae
233 2851 470 2917 nonnumquam
490 2840 670 2904 versentur,
699 2831 766 2907 bic,
794 2853 835 2894 ne
857 2853 1007 2917 usquam,
1039 2825 1198 2916 aliquidne
1220 2835 1242 2877 ³

44 2906 183 2997 delibare3
213 2930 248 2984 et
274 2916 349 3004 quia
370 2937 432 2980 nec
454 2936 563 2980 omnes
588 2913 692 2978 omnia
713 2926 845 2994 norunt,
876 2916 990 2982 etboc
1011 2913 1155 2994 rudibus,
1213 2923 1217 2932 “

44 2992 132 3068 idest
151 3003 249 3069 nostri
282 2999 449 3080 similibus,
487 2998 674 3088 opusculum
689 3025 692 3039 ·
705 3000 849 3088 cupimus
876 3000 968 3067 altius
995 2999 1156 3066 inchoare.

42 3076 137 3170 Magia
156 3088 257 3176 igitur
276 3085 486 3173 generaliter,
523 3093 560 3150 ut
580 3084 683 3172 ajunt,
720 3097 870 3174 accepta,
903 3087 1042 3186 quinque
1068 3107 1156 3151 com-

42 3164 171 3248 plectitur
195 3171 336 3262 species:
366 3170 481 3258 praesti
506 3169 556 3248 ia,
576 3169 755 3256 sortilegia,
791 3167 959 3251 maleficta,
997 3170 1155 3238 manticen

42 3261 69 3314 ct
84 3259 308 3328 matematicam
331 3279 450 3324 vanam.
524 3256 672 3341 raestigia
693 3265 782 3335 sunt,
806 3277 940 3342 quorum
959 3256 1198 3344 phantasticaee

40 3331 167 3408 il‘usione
188 3342 332 3430 deceptis
354 3342 496 3408 sensibus
516 3340 677 3419 humanis,
711 3341 909 3407 incredibiles
927 3364 1034 3408 rerum
1053 3353 1157 3407 muta-

41 3417 127 3491 tiones
149 3440 216 3495 arte
238 3427 445 3494 daemoniaca
473 3422 572 3494 videri
600 3425 754 3493 ridentur.
805 3425 901 3492 Un'de
929 3428 1002 3514 quia
1034 3447 1086 3492 res
1112 3425 1158 3491 ita

40 3503 224 3587 phantastice
246 3515 429 3590 immutant,
457 3511 718 3618 praestigiatores
747 3510 951 3600 appellantur.
1000 3509 1157 3577 Maleficia

39 3592 159 3687 malefici
198 3595 364 3677 exercent,
405 3594 458 3684 qui
489 3617 546 3685 per
569 3598 798 3670 incantationes
839 3595 1061 3662 daemoniacas
1091 3596 1158 3661 sive
1186 3671 1189 3690 .

39 3669 219 3764 lagationes,
232 3681 280 3750 vel
300 3681 359 3754 alia
380 3679 559 3770 hujusmodi
579 3683 736 3771 sacrilegii
757 3705 899 3770 genera,
931 3679 1199 3773 cooperationedo

40 3757 216 3834 daemonum
239 3780 272 3835 at
294 3791 335 3833 ue
366 3767 515 3834 instinctu
548 3767 685 3836 nefanda
715 3769 922 3834 committunt.
979 3765 1167 3854 Sortilegiis'

39 3849 169 3940 sortilegi
188 3792 371 3933 intendunt,
408 3852 462 3938 qui
490 3873 550 3940 per
577 3867 679 3924 sortes
714 3853 852 3920 divinare
872 3864 995 3938 queunt
1023 3852 1072 3917 vel
1091 3863 1158 3918 stu-

40 3925 113 4002 dent
152 3937 293 4006 Mantice
312 3939 345 4005 iu
372 3938 510 4026 quinque
537 3952 644 4026 partes
676 3939 831 4006 dividitur.
884 3939 994 4004 Prima
1026 3949 1086 4004 est.
1101 3957 1159 4003 ne-

40 4021 220 4103 cromantia,
257 4033 360 4112 quae,
404 4034 439 4090 ut
466 4021 618 4110 legimus,
653 4026 881 4114 interpretatur
912 4022 1087 4088 divinatio
1119 4024 1157 4086 in
1259 4035 1263 4040 “

39 4107 189 4195 ”forestim
209 4107 321 4197 νεκρὸς
342 4105 424 4174 enirn
445 4109 572 4175 Graece
592 4121 766 4190 mortuus,
804 4101 953 4196 proretas}
983 4105 1200 4194 divinatione

40 4179 151 4256 dcitur.
209 4193 284 4264 Hoc
312 4216 449 4285 namque
464 4201 466 4208 ’
479 4193 675 4264 divinationis
706 4201 808 4283 godus
841 4213 900 4282 per
927 4191 1056 4260 humari
1085 4213 1157 4260 san-
