2786 4800
158 213 177 328 ’,
302 229 900 370 vurmasita-„aa
1004 239 1008 256 '
1127 257 1220 335 ‘rr

81 445 121 502 nt
148 433 273 526 probes
301 436 463 526 conjugis
491 439 710 523 castitatem,
740 452 839 508 muto
869 445 964 510 teia
984 453 1220 510 mercatorem.
1271 477 1273 486 v

80 522 153 596 Quo
175 521 362 603 tauto,‘illc
386 523 440 590 ivit
456 524 503 592 'ad
522 523 677 600 Procrin,
706 536 756 608 et,
784 525 896 600 ablotis
918 527 1100 596 muneribus
1120 528 1220 619 impe·
1324 559 1325 568 ¹

78 619 230 696 tratnque
249 627 285 673 rc
306 607 484 698 conjugali,
505 609 669 682 consessus
689 622 757 691 est,
777 633 814 678 se
834 635 907 681 csse
928 615 1083 682 maritum.
1123 615 1227 690 Quod

80 692 192 759 dolens
219 690 286 773 illa,
322 716 420 782 quum
454 693 595 762 audisset
621 718 642 762 a
670 695 808 776 rustico„
841 721 950 766 amare
968 723 1059 766 -eurn
1092 703 1219 778 Auram,

79 803 174 864 qnam
197 777 346 844 invocare
366 792 589 859 consueverat,
613 781 656 847 ad
675 781 769 848 'silvas
791 785 937 884 profecta
958 796 1028 866 est,
1052 796 1084 852 et
1100 785 1131 850 in
1153 786 1245 852 fra-a

79 867 184 932 ticetis
215 862 306 931 latuit
333 862 375 930 ad
405 864 709 954 deprehendendum
731 879 887 936 mantum.
930 869 994 946 Qut
1015 889 1113 972 quum
1132 893 1222 938 more

79 951 171 1017 solito
193 949 312 1020 huram
334 962 480 1029 vocaret,
501 951 632 1018 Procris
654 951 769 1039 egredi
790 953 937 1044 cupiens,
967 955 1113 1023 fruticeta
1134 979 1223 1023 norn-

78 1037 185 1102 movit
237 1037 377 1124 Sperans
408 1035 572 1140 Cephalus
605 1037 705 1103 seram
735 1060 825 1119 esse,
861 1040 984 1106 hastam
1015 1040 1222 1107 inevitabilem
1263 1076 1267 1086 x

82 1121 235 1211 conjecit,
264 1131 298 1187 et
324 1121 485 1189 interient
505 1141 637 1189 unnmm
657 1122 761 1212 (quae
781 1134 887 1193 tamen
911 1123 1066 1208 moriens,
1097 1147 1137 1191 ne
1158 1129 1222 1194 Au-

81 1228 187 1302 roram
207 1206 361 1287 duceret,
389 1206 586 1296 postulavit).
1002 1253 1005 1258 -
1229 1229 1267 1280 lo
1308 1267 1310 1270 .

273 1325 342 1402 45.
395 1325 646 1430 Amymone
681 1340 723 1403 et
755 1327 1036 1405 Palamedes.

163 1451 361 1540 Amymone,-
393 1446 499 1515 Danai
533 1448 614 1528 tilia,
653 1444 728 1514 dum
761 1447 903 1516 studiose
930 1449 961 1516 in
990 1443 1092 1524 insula
1118 1448 1222 1539 jaculo

91 1548 309 1616 exaceretur,
329 1530 512 1621 imprudens
534 1534 684 1622 Satyrum
707 1535 870 1621 percussit
906 1533 953 1600 Et
970 1557 1067 1622 quum
1088 1535 1223 1624 Satyrus

28 1631 29 1634 ’
90 1645 154 1689 cam
183 1621 301 1687 violans
328 1620 435 1700 vellet,
467 1619 518 1688 illa
547 1618 689 1707 Neptuni
721 1620 867 1688 auxilium
897 1619 1082 1708 imploravit
1124 1620 1223 1696 Quod

105 1731 179 1774 trum
196 1707 366 1794 Neptunus
388 1705 534 1790 vidisset,
555 1705 669 1792 fugato
690 1703 826 1795 Satyro,
848 1707 919 1794 ipse
936 1729 1006 1773 earu
1023 1703 1220 1796 compressit
1229 1722 1264 1772 15

85 1733 131 1860 hx
153 1815 224 1895 qno.
243 1791 393 1880 conjugio
419 1803 510 1858 natus
542 1801 592 1858 est
620 1788 743 1870 Belus,
769 1789 952 1861 Palamedis
981 1806 1083 1879 pater.
1110 1791 1224 1866 ,Unde
1262 1841 1264 1849 ,

86 1878 255 1964 Virgilius:
308 1875 455 1949 Belidae
492 1895 614 1940 nnuma
654 1875 869 1944 Palamedis,
934 1875 1104 1964 Neptunus
1138 1901 1242 1944 -vero-
1326 1883 1327 1886 ’
1370 1893 1371 1896 ’

23 1971 24 1974 ’
85 1963 201 2032 dicitur
221 1985 278 2030 cus
301 1961 354 2026 ide
371 1960 487 2040 locum,
508 1961 540 2026 in
562 1981 626 2048 quo
649 1963 857 2050 Amymonem
879 1975 1112 2050 compresserat
1136 1987 1225 2053 per-

85 2050 230 2135 cussisse.
298 2046 360 2114 nde
381 2069 478 2134 quum
499 2045 921 2134 aquaflueret,11crnaeus
944 2059 993 2116 est
1014 2048 1085 2116 sons
1107 2013 1223 2133 dictus,

85 2147 116 2202 et
134 2139 328 2224 Amymones
347 2133 481 2212 fluvius,
1016 2177 1019 2184 .
1142 2193 1144 2200 ,
1228 2155 1266 2204 20
1328 2192 1332 2202 .

281 2253 350 2328 46.
404 2253 611 2330 Theseus
646 2263 688 2327 et
722 2199 1018 2354 Hippolytus.
1048 2201 1051 2208 Ι

126 2439 130 2446 .
172 2375 340 2456 Theseus,
370 2385 495 2446 mortua
520 2369 714 2463 Hippolyte,
740 2369 940 2462 Phaedram,
970 2371 1083 2442 Minois
1106 2385 1139 2443 et
1159 2373 1231 2441 Pas
1332 2351 1340 2378 ⁸

86 2461 211 2550 siphaes
238 2462 354 2540 filiam,
386 2457 573 2548 superduxit
601 2481 771 2528 novercam
798 2457 983 2548 Hippolyto.
1026 2459 1092 2533 Qut
1124 2470 1224 2550 quunt
1275 2461 1277 2468 ‘

86 2549 127 2614 de
146 2562 258 2638 stupro
279 2531 361 2614 illain
380 2542 630 2632 interpellantem
651 2544 903 2626 contemsisset,¹
919 2543 998 2612 t'also
1028 2544 1154 2618 delatus
1180 2543 1224 2612 ad

84 2645 205 2722 patrem
235 2644 302 2712 est,
336 2629 422 2720 qnod
450 2633 479 2696 ei
504 2629 565 2696 vim
595 2627 686 2697 vellet
715 2629 844 2696 inferre.-
893 2629 1042 2724 Theseus
1069 2633 1264 2718 Aegeumffi

83 2732 226 2808 patrem,
262 2728 299 2784 ut
325 2741 371 2804 »se
403 2715 625 2796 ulcisceretur,
660 2717 802 2804 rogavit:
842 2715 897 2805 qui
928 2715 1061 2804 agitanti
1095 2739 1225 2786 currum

84 2803 262 2894 Hippolyto
291 2801 418 2870 immisit
471 2801 585 2868 honam
614 2801 646 2866 in
675 2801 783 2876 litore,
817 2802 980 2890 quaeqai
1001 2801 1120 2884 territi,
1149 2826 1229 2872 eum

85 2891 309 2957 distraxerunt.
338 2889 435 2956 'l‘unc
489 2887 578 2965 iane,
605 2885 841 2976 ejus-castitate
862 2898 1038 2968 commuta,
1061 2889 1223 2978 revocavit

84 2999 158 3042 eum
180 2976 213 3042 in
234 2974 329 3042 vitam
349 2996 407 3062 per
429 2967 674 3058 Aesculapium,
696 2971 795 3040 filiam
817 2970 966 3058 Apollinis
989 2986 1021 3058 et
1042 2973 1225 3056 Coronidis,

82 3063 135 3149 qui
158 3071 255 3127 natus
276 3071 346 3127 erat
366 3071 495 3126 exsecto
515 3056 623 3122 matris
642 3067 771 3137 ventre,
792 3051 866 3122 idco
888 3057 978 3145 quia,
996 3081 1097 3147 quum
1111 3059 1267 3148 Apelleae

82 3146 226 3214 audisset
246 3167 266 3210 a
287 3150 400 3225 corun,
428 3136 666 3234 ejuscustode,
696 3165 767 3233 eam
794 3139 983 3210 adulterium
1011 3143 1221 3225 committere,

81 3233 182 3300 iratus
205 3229 417 3314 Coronidem,
448 3231 573 3298 maturo
591 3226 656 3318 jam
680 3240 802 3315 pur-tu,¹
821 3227 965 3318 confiuit
980 3230 1120 3316 sagittis,
1150 3252 1223 3294 cor-

82 3341 154 3382 vum
176 3340 252 3382 vero
274 3317 400 3405 nigrum
422 3313 558 3383 tecit'ex
580 3313 670 3392 albo;
696 3323 738 3392 et,
762 3325 889 3380 exsecto
910 3326 1018 3381 ventre
1039 3313 1225 3397 Coronidis,

107 3401 234 3470 reduxit
271 3401 508 3488 Aesculapium,
551 3399 606 3487 qui
644 3399 748 3464 sactus
788 3410 839 3466 est
879 3398 1056 3466 medicinae
1091 3399 1221 3488 peritus.

83 3426 310 3576 lluncpostea
323 3488 343 3552 J
346 3488 470 3574 uppiter
503 3498 613 3574 rupter
627 3496 810 3558 reuocatum
823 3474 1031 3586 Hippolytum
1053 3485 1219 3556 interemit.
1226 3513 1262 3566 35

83 3570 182 3640 Unde
212 3573 323 3661 Apollo
350 3575 449 3641 irttus
481 3509 658 3660 Cyelopas,
692 3570 901 3664 fabricatores
933 3571 1112 3650 lnlminum,
1143 3593 1220 3637 con-

80 3659 148 3726 fixit
170 3657 306 3745 sagittis.
350 3659 404 3736 Ob
433 3679 528 3746 qnam
558 3679 625 3721 rem
654 3655 759 3743 iussus
780 3667 830 3724 est
850 3655 976 3724 Admeti
999 3657 1085 3757 regis
1107 3677 1222 3726 novem

81 3745 170 3812 annis
193 3755 335 3811 armenta
355 3763 508 3832 pascere,
537 3739 697 3808 divinitate
721 3739 876 3828 deposita.
918 3739 988 3813 ,set
1011 3741 1116 3810 Diana
1137 3743 1221 3833 Hip-

80 3829 239 3920 polytum‚
267 3842 450 3904 revocatum
472 3829 514 3896 ab
533 3826 658 3907 inferis,
685 3825 855 3915 Nymphae
876 3825 1109 3904 commendavit
1129 3829 1222 3919 luge-

72 3916 161 4000 aas,
191 3928 318 3985 etcum
344 3911 526 3993 Virdium,
555 3913 647 4006 quasi
666 3908 720 3976 his
741 3915 874 4002 airum,
896 3911 992 4000 jussit
1012 3914 1129 3982 nossa.
1153 3968 1157 3976 .
1185 3969 1189 3977 ,
1224 3954 1261 4006 40

218 4049 289 4126 d7.
342 4052 515 4147 Minos,
559 4062 717 4124 taurus
759 4061 795 4160 et
832 4049 1072 4128 Hercules.

160 4173 287 4252 Minos,
309 4171 392 4241 Iovis
413 4172 495 4252 [ilius
518 4182 551 4238 et
571 4171 740 4271 Europae,
762 4169 960 4271 nuncupatui
979 4174 1216 4244 sacrificaturus
1253 4159 1259 4166 ⁸

77 4259 251 4328 accederet
270 4257 313 4326 ad
335 4279 425 4343 aras,
449 4258 552 4326 oravit
573 4267 746 4346 potentiam
765 4273 917 4339 numina,
941 4269 977 4328 ut
1000 4258 1132 4350 dignam
1151 4262 1215 4330 aris

747 4369 872 4436 .2=
