<?xml version="1.0" encoding="UTF-8"?>
<!DOCTYPE html PUBLIC "-//W3C//DTD XHTML 1.0 Transitional//EN"
    "http://www.w3.org/TR/xhtml1/DTD/xhtml1-transitional.dtd">
<html xmlns="http://www.w3.org/1999/xhtml" xml:lang="en" lang="en">
 <head>
  <title>
</title>
<meta http-equiv="Content-Type" content="text/html;charset=utf-8" />
  <meta name='ocr-system' content='tesseract 3.04.00' />
  <meta name='ocr-capabilities' content='ocr_page ocr_carea ocr_par ocr_line ocrx_word'/>
</head>
<body>
  <div class='ocr_page' id='page_1' title='image "./scriptoresrerum01bodegoog_0012.png"; bbox 0 0 2786 4800; ppageno 0'>
   <div class='ocr_carea' id='block_1_1' title="bbox 147 947 998 1078">
    <p class='ocr_par' dir='ltr' id='par_1_1' title="bbox 147 947 998 1078">
     <span class='ocr_line' id='line_1_1' title="bbox 147 947 998 1078; baseline 0.009 -41"><span class='ocrx_word' id='word_1_1' title='bbox 147 995 151 1008; x_wconf 86' lang='lat'><strong>·</strong></span> <span class='ocrx_word' id='word_1_2' title='bbox 276 947 998 1078; x_wconf 17' lang='lat' dir='ltr'><strong>straoouuruor.</strong></span> 
     </span>
    </p>
   </div>
   <div class='ocr_carea' id='block_1_2' title="bbox 541 1155 811 1184">
    <p class='ocr_par' dir='ltr' id='par_1_2' title="bbox 541 1155 811 1184">
     <span class='ocr_line' id='line_1_2' title="bbox 541 1155 811 1184; baseline -0.007 -1"><span class='ocrx_word' id='word_1_3' title='bbox 541 1155 811 1184; x_wconf 50' lang='lat'><strong>*—</strong></span> 
     </span>
    </p>
   </div>
   <div class='ocr_carea' id='block_1_3' title="bbox 5 1333 1377 3766">
    <p class='ocr_par' dir='ltr' id='par_1_3' title="bbox 150 1333 1239 1526">
     <span class='ocr_line' id='line_1_3' title="bbox 150 1333 1239 1526; baseline 0.006 -32"><span class='ocrx_word' id='word_1_4' title='bbox 150 1492 159 1518; x_wconf 61' lang='grc'><strong>,</strong></span> <span class='ocrx_word' id='word_1_5' title='bbox 212 1333 431 1522; x_wconf 79' lang='lat' dir='ltr'>Biennium</span> <span class='ocrx_word' id='word_1_6' title='bbox 457 1425 530 1500; x_wconf 85' lang='lat' dir='ltr'><strong>fere</strong></span> <span class='ocrx_word' id='word_1_7' title='bbox 557 1439 629 1520; x_wconf 90' lang='lat' dir='ltr'><strong>est,</strong></span> <span class='ocrx_word' id='word_1_8' title='bbox 665 1452 709 1501; x_wconf 85' lang='lat' dir='ltr'><strong>ex</strong></span> <span class='ocrx_word' id='word_1_9' title='bbox 732 1450 803 1524; x_wconf 84' lang='lat' dir='ltr'><strong>quo</strong></span> <span class='ocrx_word' id='word_1_10' title='bbox 829 1421 992 1526; x_wconf 72' lang='lat' dir='ltr'><strong>Angelus</strong></span> <span class='ocrx_word' id='word_1_11' title='bbox 1017 1421 1156 1522; x_wconf 87' lang='lat' dir='ltr'><strong>Majus,</strong></span> <span class='ocrx_word' id='word_1_12' title='bbox 1184 1426 1239 1500; x_wconf 84' lang='lat' dir='ltr'><strong>vir</strong></span> 
     </span>
    </p>

    <p class='ocr_par' dir='ltr' id='par_1_4' title="bbox 16 1521 1327 2034">
     <span class='ocr_line' id='line_1_4' title="bbox 16 1521 1239 1628; baseline 0.007 -34"><span class='ocrx_word' id='word_1_13' title='bbox 16 1585 20 1593; x_wconf 86' lang='grc'><em>,</em></span> <span class='ocrx_word' id='word_1_14' title='bbox 96 1521 377 1619; x_wconf 80' lang='lat' dir='ltr'><strong>illustrissimus,</strong></span> <span class='ocrx_word' id='word_1_15' title='bbox 407 1525 459 1600; x_wconf 84' lang='lat' dir='ltr'><strong>&#39;de</strong></span> <span class='ocrx_word' id='word_1_16' title='bbox 480 1531 633 1628; x_wconf 73' lang='lat' dir='ltr'><strong>antiquis</strong></span> <span class='ocrx_word' id='word_1_17' title='bbox 654 1526 881 1628; x_wconf 81' lang='lat' dir='ltr'><strong>scriptoribus</strong></span> <span class='ocrx_word' id='word_1_18' title='bbox 903 1553 923 1600; x_wconf 91' lang='lat' dir='ltr'><strong>e</strong></span> <span class='ocrx_word' id='word_1_19' title='bbox 947 1523 1239 1602; x_wconf 79' lang='lat' dir='ltr'><strong>bibliothecarum</strong></span> 
     </span>
     <span class='ocr_line' id='line_1_5' title="bbox 95 1625 1238 1728; baseline 0.006 -31"><span class='ocrx_word' id='word_1_20' title='bbox 95 1625 313 1698; x_wconf 89' lang='lat' dir='ltr'><strong>Italicarum.</strong></span> <span class='ocrx_word' id='word_1_21' title='bbox 341 1626 482 1701; x_wconf 84' lang='lat' dir='ltr'><strong>latebris</strong></span> <span class='ocrx_word' id='word_1_22' title='bbox 518 1631 555 1702; x_wconf 88' lang='lat' dir='ltr'><strong>in</strong></span> <span class='ocrx_word' id='word_1_23' title='bbox 592 1631 707 1706; x_wconf 90' lang='lat' dir='ltr'><strong>lucem</strong></span> <span class='ocrx_word' id='word_1_24' title='bbox 744 1628 961 1728; x_wconf 85' lang='lat' dir='ltr'><strong>proferendis</strong></span> <span class='ocrx_word' id='word_1_25' title='bbox 1000 1625 1238 1704; x_wconf 82' lang='lat' dir='ltr'><strong>immortaliter</strong></span> 
     </span>
     <span class='ocr_line' id='line_1_6' title="bbox 95 1725 1238 1831; baseline 0.006 -32"><span class='ocrx_word' id='word_1_26' title='bbox 95 1728 254 1824; x_wconf 84' lang='lat' dir='ltr'><strong>moritus,</strong></span> <span class='ocrx_word' id='word_1_27' title='bbox 282 1729 320 1800; x_wconf 91' lang='lat' dir='ltr'><strong>iu</strong></span> <span class='ocrx_word' id='word_1_28' title='bbox 339 1729 577 1806; x_wconf 83' lang='lat' dir='ltr'><strong>Classicorum</strong></span> <span class='ocrx_word' id='word_1_29' title='bbox 592 1727 790 1806; x_wconf 69' lang='lat' dir='ltr'><strong>auctorum</strong></span> <span class='ocrx_word' id='word_1_30' title='bbox 814 1752 838 1806; x_wconf 62' lang='lat' dir='ltr'><strong>ex</strong></span> <span class='ocrx_word' id='word_1_31' title='bbox 852 1731 1032 1806; x_wconf 81' lang='lat' dir='ltr'><strong>Vaticanis</strong></span> <span class='ocrx_word' id='word_1_32' title='bbox 1052 1725 1238 1831; x_wconf 72' lang='lat' dir='ltr'><strong>codicsspus</strong></span> 
     </span>
     <span class='ocr_line' id='line_1_7' title="bbox 95 1821 1295 1934; baseline 0.003 -32"><span class='ocrx_word' id='word_1_33' title='bbox 95 1829 269 1903; x_wconf 90' lang='lat' dir='ltr'><strong>editorum</strong></span> <span class='ocrx_word' id='word_1_34' title='bbox 287 1830 463 1906; x_wconf 77' lang='lat' dir='ltr'><strong>volumine</strong></span> <span class='ocrx_word' id='word_1_35' title='bbox 477 1833 537 1906; x_wconf 91' lang='lat'><strong>111</strong></span> <span class='ocrx_word' id='word_1_36' title='bbox 565 1843 635 1908; x_wconf 88' lang='lat' dir='ltr'><strong>tres</strong></span> <span class='ocrx_word' id='word_1_37' title='bbox 658 1821 777 1908; x_wconf 72' lang='lat' dir='ltr'><strong>iorum</strong></span> <span class='ocrx_word' id='word_1_38' title='bbox 797 1827 1029 1934; x_wconf 74' lang='lat' dir='ltr'><strong>mptbicarum</strong></span> <span class='ocrx_word' id='word_1_39' title='bbox 1047 1834 1237 1932; x_wconf 86' lang='lat' dir='ltr'><strong>scriptores</strong></span> <span class='ocrx_word' id='word_1_40' title='bbox 1291 1872 1295 1880; x_wconf 55' lang='lat'><em>1</em></span> 
     </span>
     <span class='ocr_line' id='line_1_8' title="bbox 95 1925 1327 2034; baseline 0.008 -31"><span class='ocrx_word' id='word_1_41' title='bbox 95 1930 245 2004; x_wconf 86' lang='lat' dir='ltr'><strong>ineditos</strong></span> <span class='ocrx_word' id='word_1_42' title='bbox 265 1935 360 2032; x_wconf 79' lang='lat' dir='ltr'><strong>tppis</strong></span> <span class='ocrx_word' id='word_1_43' title='bbox 380 1925 622 2033; x_wconf 80' lang='lat' dir='ltr'><strong>exprimendos</strong></span> <span class='ocrx_word' id='word_1_44' title='bbox 641 1938 793 2030; x_wconf 85' lang='lat' dir='ltr'><strong>curavit,</strong></span> <span class='ocrx_word' id='word_1_45' title='bbox 819 1961 968 2034; x_wconf 90' lang='lat' dir='ltr'><strong>quorum</strong></span> <span class='ocrx_word' id='word_1_46' title='bbox 985 1936 1097 2032; x_wconf 90' lang='lat' dir='ltr'><strong>prima</strong></span> <span class='ocrx_word' id='word_1_47' title='bbox 1115 1936 1237 2022; x_wconf 77' lang='lat' dir='ltr'><strong>notitia</strong></span> <span class='ocrx_word' id='word_1_48' title='bbox 1310 1927 1327 1938; x_wconf 43' lang='lat'>⁸</span> 
     </span>
    </p>

    <p class='ocr_par' dir='ltr' id='par_1_5' title="bbox 7 2032 1277 2136">
     <span class='ocr_line' id='line_1_9' title="bbox 7 2032 1277 2136; baseline 0.005 -32"><span class='ocrx_word' id='word_1_49' title='bbox 7 2125 8 2130; x_wconf 5' lang='grc' dir='ltr'>ἵ</span> <span class='ocrx_word' id='word_1_50' title='bbox 95 2044 136 2106; x_wconf 87' lang='lat' dir='ltr'><strong>ut</strong></span> <span class='ocrx_word' id='word_1_51' title='bbox 162 2032 333 2108; x_wconf 89' lang='lat' dir='ltr'><strong>bonarum</strong></span> <span class='ocrx_word' id='word_1_52' title='bbox 358 2036 550 2111; x_wconf 85' lang='lat' dir='ltr'><strong>litterarum</strong></span> <span class='ocrx_word' id='word_1_53' title='bbox 582 2036 746 2112; x_wconf 83' lang='lat' dir='ltr'><strong>studiosis</strong></span> <span class='ocrx_word' id='word_1_54' title='bbox 775 2049 849 2112; x_wconf 90' lang='lat' dir='ltr'><strong>erat</strong></span> <span class='ocrx_word' id='word_1_55' title='bbox 873 2035 1153 2136; x_wconf 87' lang='lat' dir='ltr'><strong>jucundissima,</strong></span> <span class='ocrx_word' id='word_1_56' title='bbox 1188 2038 1236 2113; x_wconf 89' lang='lat' dir='ltr'><strong>ita</strong></span> <span class='ocrx_word' id='word_1_57' title='bbox 1273 2129 1277 2136; x_wconf 76' lang='lat'><strong>,</strong></span> 
     </span>
    </p>

    <p class='ocr_par' dir='ltr' id='par_1_6' title="bbox 7 2136 1350 2438">
     <span class='ocr_line' id='line_1_10' title="bbox 7 2136 1350 2240; baseline 0.002 -32"><span class='ocrx_word' id='word_1_58' title='bbox 7 2189 8 2192; x_wconf 63' lang='lat'><strong>,</strong></span> <span class='ocrx_word' id='word_1_59' title='bbox 93 2136 254 2234; x_wconf 85' lang='lat' dir='ltr'><strong>plurimis</strong></span> <span class='ocrx_word' id='word_1_60' title='bbox 286 2163 397 2210; x_wconf 89' lang='lat' dir='ltr'><strong>novae</strong></span> <span class='ocrx_word' id='word_1_61' title='bbox 429 2164 549 2236; x_wconf 80' lang='lat' dir='ltr'><strong>eorum</strong></span> <span class='ocrx_word' id='word_1_62' title='bbox 580 2140 737 2240; x_wconf 76' lang='lat' dir='ltr'><strong>editionis</strong></span> <span class='ocrx_word' id='word_1_63' title='bbox 768 2141 805 2211; x_wconf 92' lang='lat' dir='ltr'><strong>iu</strong></span> <span class='ocrx_word' id='word_1_64' title='bbox 839 2136 1028 2212; x_wconf 86' lang='lat' dir='ltr'><strong>Germania</strong></span> <span class='ocrx_word' id='word_1_65' title='bbox 1060 2137 1234 2235; x_wconf 91' lang='lat' dir='ltr'><strong>parandae</strong></span> <span class='ocrx_word' id='word_1_66' title='bbox 1343 2197 1350 2211; x_wconf 80' lang='lat'><em>.</em></span> 
     </span>
     <span class='ocr_line' id='line_1_11' title="bbox 97 2237 1234 2340; baseline 0.002 -32"><span class='ocrx_word' id='word_1_67' title='bbox 97 2237 305 2312; x_wconf 86' lang='lat' dir='ltr'><strong>desiderium</strong></span> <span class='ocrx_word' id='word_1_68' title='bbox 339 2241 589 2314; x_wconf 63' lang='lat' dir='ltr'><strong>commobebat.</strong></span> <span class='ocrx_word' id='word_1_69' title='bbox 657 2241 768 2340; x_wconf 85' lang='lat' dir='ltr'><strong>Cujus</strong></span> <span class='ocrx_word' id='word_1_70' title='bbox 796 2241 847 2312; x_wconf 91' lang='lat' dir='ltr'><strong>rei</strong></span> <span class='ocrx_word' id='word_1_71' title='bbox 881 2239 1121 2336; x_wconf 84' lang='lat' dir='ltr'><strong>suscipiendae</strong></span> <span class='ocrx_word' id='word_1_72' title='bbox 1151 2264 1234 2312; x_wconf 91' lang='lat' dir='ltr'><strong>con-</strong></span> 
     </span>
     <span class='ocr_line' id='line_1_12' title="bbox 94 2339 1301 2438; baseline 0.004 -27"><span class='ocrx_word' id='word_1_73' title='bbox 94 2339 211 2412; x_wconf 92' lang='lat' dir='ltr'><strong>silium</strong></span> <span class='ocrx_word' id='word_1_74' title='bbox 234 2365 343 2438; x_wconf 91' lang='lat' dir='ltr'><strong>quum</strong></span> <span class='ocrx_word' id='word_1_75' title='bbox 367 2341 585 2418; x_wconf 79' lang='lat' dir='ltr'><strong>hortantibus</strong></span> <span class='ocrx_word' id='word_1_76' title='bbox 611 2345 694 2416; x_wconf 83' lang='lat' dir='ltr'><strong>viris</strong></span> <span class='ocrx_word' id='word_1_77' title='bbox 720 2341 850 2436; x_wconf 92' lang='lat' dir='ltr'><strong>doctis,</strong></span> <span class='ocrx_word' id='word_1_78' title='bbox 884 2356 1033 2438; x_wconf 83' lang='lat' dir='ltr'><strong>quorum</strong></span> <span class='ocrx_word' id='word_1_79' title='bbox 1060 2339 1153 2437; x_wconf 91' lang='lat' dir='ltr'><strong>apud</strong></span> <span class='ocrx_word' id='word_1_80' title='bbox 1178 2366 1234 2416; x_wconf 83' lang='lat' dir='ltr'><strong>me</strong></span> <span class='ocrx_word' id='word_1_81' title='bbox 1258 2415 1267 2424; x_wconf 81' lang='grc'>,</span> <span class='ocrx_word' id='word_1_82' title='bbox 1295 2355 1301 2364; x_wconf 91' lang='grc'><strong>’</strong></span> 
     </span>
    </p>

    <p class='ocr_par' dir='ltr' id='par_1_7' title="bbox 48 2441 1377 2750">
     <span class='ocr_line' id='line_1_13' title="bbox 48 2441 1230 2541; baseline 0.002 -29"><span class='ocrx_word' id='word_1_83' title='bbox 48 2525 55 2541; x_wconf 88' lang='lat'><em>.</em></span> <span class='ocrx_word' id='word_1_84' title='bbox 95 2441 283 2540; x_wconf 90' lang='lat' dir='ltr'><strong>plurimum</strong></span> <span class='ocrx_word' id='word_1_85' title='bbox 318 2443 409 2518; x_wconf 82' lang='lat' dir='ltr'><strong>valet</strong></span> <span class='ocrx_word' id='word_1_86' title='bbox 440 2448 650 2538; x_wconf 84' lang='lat' dir='ltr'><strong>auctoritas,</strong></span> <span class='ocrx_word' id='word_1_87' title='bbox 703 2447 819 2516; x_wconf 90' lang='lat' dir='ltr'><strong>animo</strong></span> <span class='ocrx_word' id='word_1_88' title='bbox 850 2443 989 2516; x_wconf 82' lang='lat' dir='ltr'><strong>volvere</strong></span> <span class='ocrx_word' id='word_1_89' title='bbox 1026 2443 1230 2540; x_wconf 79' lang='lat' dir='ltr'><strong>coepissem,</strong></span> 
     </span>
     <span class='ocr_line' id='line_1_14' title="bbox 94 2543 1377 2642; baseline 0.002 -28"><span class='ocrx_word' id='word_1_90' title='bbox 94 2543 211 2641; x_wconf 90' lang='lat' dir='ltr'><strong>plura·</strong></span> <span class='ocrx_word' id='word_1_91' title='bbox 227 2569 265 2616; x_wconf 92' lang='lat' dir='ltr'><strong>se</strong></span> <span class='ocrx_word' id='word_1_92' title='bbox 296 2543 393 2616; x_wconf 90' lang='lat' dir='ltr'><strong>mibi·</strong></span> <span class='ocrx_word' id='word_1_93' title='bbox 412 2545 612 2620; x_wconf 89' lang='lat' dir='ltr'><strong>obtulerunt</strong></span> <span class='ocrx_word' id='word_1_94' title='bbox 642 2547 769 2619; x_wconf 85' lang='lat' dir='ltr'><strong>auxilia</strong></span> <span class='ocrx_word' id='word_1_95' title='bbox 799 2543 845 2626; x_wconf 90' lang='lat' dir='ltr'><strong>ad</strong></span> <span class='ocrx_word' id='word_1_96' title='bbox 873 2544 998 2617; x_wconf 88' lang='lat' dir='ltr'><strong>borum</strong></span> <span class='ocrx_word' id='word_1_97' title='bbox 1025 2546 1234 2642; x_wconf 84' lang='lat' dir='ltr'><strong>scriptorum</strong></span> <span class='ocrx_word' id='word_1_98' title='bbox 1359 2571 1377 2598; x_wconf 55' lang='lat' dir='ltr'><strong>a</strong></span> 
     </span>
     <span class='ocr_line' id='line_1_15' title="bbox 95 2637 1232 2750; baseline 0.001 -33"><span class='ocrx_word' id='word_1_99' title='bbox 95 2643 203 2717; x_wconf 87' lang='lat' dir='ltr'><strong>verba</strong></span> <span class='ocrx_word' id='word_1_100' title='bbox 223 2646 351 2720; x_wconf 90' lang='lat' dir='ltr'><strong>&#39;melius</strong></span> <span class='ocrx_word' id='word_1_101' title='bbox 377 2649 617 2722; x_wconf 82' lang='lat' dir='ltr'><strong>constituenda</strong></span> <span class='ocrx_word' id='word_1_102' title='bbox 642 2651 831 2748; x_wconf 87' lang='lat' dir='ltr'><strong>aptissima.</strong></span> <span class='ocrx_word' id='word_1_103' title='bbox 885 2637 942 2719; x_wconf 79' lang='lat' dir='ltr'><strong>De</strong></span> <span class='ocrx_word' id='word_1_104' title='bbox 967 2643 1232 2750; x_wconf 41' lang='lat' dir='ltr'><strong>quibus&#39;prius·</strong></span> 
     </span>
    </p>

    <p class='ocr_par' dir='ltr' id='par_1_8' title="bbox 5 2745 1233 2952">
     <span class='ocr_line' id='line_1_16' title="bbox 5 2745 1233 2850; baseline -0.005 -24"><span class='ocrx_word' id='word_1_105' title='bbox 5 2801 8 2826; x_wconf 82' lang='lat' dir='ltr'><strong>t</strong></span> <span class='ocrx_word' id='word_1_106' title='bbox 95 2773 222 2846; x_wconf 86' lang='lat' dir='ltr'><strong>quam,</strong></span> <span class='ocrx_word' id='word_1_107' title='bbox 256 2759 296 2821; x_wconf 88' lang='lat' dir='ltr'><strong>ut</strong></span> <span class='ocrx_word' id='word_1_108' title='bbox 320 2775 384 2848; x_wconf 89' lang='lat' dir='ltr'><strong>par</strong></span> <span class='ocrx_word' id='word_1_109' title='bbox 404 2761 476 2841; x_wconf 88' lang='lat' dir='ltr'><strong>est,</strong></span> <span class='ocrx_word' id='word_1_110' title='bbox 509 2775 701 2850; x_wconf 79' lang='lat' dir='ltr'><strong>exponam,</strong></span> <span class='ocrx_word' id='word_1_111' title='bbox 738 2752 862 2824; x_wconf 87' lang='lat' dir='ltr'><strong>iterare</strong></span> <span class='ocrx_word' id='word_1_112' title='bbox 880 2747 983 2847; x_wconf 85' lang='lat' dir='ltr'><strong>juvat</strong></span> <span class='ocrx_word' id='word_1_113' title='bbox 1003 2774 1093 2845; x_wconf 92' lang='lat' dir='ltr'><strong>quae</strong></span> <span class='ocrx_word' id='word_1_114' title='bbox 1113 2745 1233 2846; x_wconf 84' lang='lat' dir='ltr'><strong>Majus</strong></span> 
     </span>
     <span class='ocr_line' id='line_1_17' title="bbox 94 2849 1233 2952; baseline 0.002 -30"><span class='ocrx_word' id='word_1_115' title='bbox 94 2849 238 2922; x_wconf 89' lang='lat' dir='ltr'><strong>editioni</strong></span> <span class='ocrx_word' id='word_1_116' title='bbox 260 2876 344 2924; x_wconf 89' lang='lat' dir='ltr'><strong>suae</strong></span> <span class='ocrx_word' id='word_1_117' title='bbox 364 2851 542 2949; x_wconf 86' lang='lat' dir='ltr'><strong>praefatus</strong></span> <span class='ocrx_word' id='word_1_118' title='bbox 564 2864 635 2948; x_wconf 86' lang='lat' dir='ltr'><strong>est,</strong></span> <span class='ocrx_word' id='word_1_119' title='bbox 663 2861 705 2924; x_wconf 91' lang='lat' dir='ltr'><strong>ut</strong></span> <span class='ocrx_word' id='word_1_120' title='bbox 729 2851 815 2952; x_wconf 88' lang='lat' dir='ltr'><strong>quid</strong></span> <span class='ocrx_word' id='word_1_121' title='bbox 835 2852 889 2921; x_wconf 80' lang='lat' dir='ltr'><strong>vir</strong></span> <span class='ocrx_word' id='word_1_122' title='bbox 909 2849 968 2923; x_wconf 88' lang='lat' dir='ltr'><strong>ille</strong></span> <span class='ocrx_word' id='word_1_123' title='bbox 987 2850 1233 2952; x_wconf 70' lang='lat' dir='ltr'><strong>sagacissimus</strong></span> 
     </span>
    </p>

    <p class='ocr_par' dir='ltr' id='par_1_9' title="bbox 7 2945 1284 3256">
     <span class='ocr_line' id='line_1_18' title="bbox 7 2945 1284 3055; baseline 0.002 -34"><span class='ocrx_word' id='word_1_124' title='bbox 7 2964 11 2985; x_wconf 89' lang='lat'><em>&#39;</em></span> <span class='ocrx_word' id='word_1_125' title='bbox 93 2977 203 3050; x_wconf 81' lang='lat' dir='ltr'><strong>quum</strong></span> <span class='ocrx_word' id='word_1_126' title='bbox 229 2948 273 3024; x_wconf 92' lang='lat' dir='ltr'><strong>dc</strong></span> <span class='ocrx_word' id='word_1_127' title='bbox 298 2953 383 3050; x_wconf 91' lang='lat' dir='ltr'><strong>ipsis</strong></span> <span class='ocrx_word' id='word_1_128' title='bbox 404 2952 532 3055; x_wconf 87' lang='lat' dir='ltr'><strong>quibus</strong></span> <span class='ocrx_word' id='word_1_129' title='bbox 557 2973 642 3028; x_wconf 87' lang='lat' dir='ltr'><strong>usus</strong></span> <span class='ocrx_word' id='word_1_130' title='bbox 663 2965 716 3032; x_wconf 87' lang='lat' dir='ltr'><strong>est</strong></span> <span class='ocrx_word' id='word_1_131' title='bbox 739 2950 918 3042; x_wconf 83' lang='lat' dir='ltr'><strong>codicibus</strong></span> <span class='ocrx_word' id='word_1_132' title='bbox 934 2952 1130 3045; x_wconf 82' lang='lat' dir='ltr'><strong>Vaticanis,</strong></span> <span class='ocrx_word' id='word_1_133' title='bbox 1157 2945 1234 3024; x_wconf 82' lang='lat' dir='ltr'><strong>tu&#39;m</strong></span> <span class='ocrx_word' id='word_1_134' title='bbox 1282 2981 1284 2986; x_wconf 94' lang='lat'>·</span> 
     </span>
     <span class='ocr_line' id='line_1_19' title="bbox 92 3049 1231 3152; baseline 0.002 -28"><span class='ocrx_word' id='word_1_135' title='bbox 92 3053 138 3125; x_wconf 89' lang='lat' dir='ltr'><strong>de</strong></span> <span class='ocrx_word' id='word_1_136' title='bbox 159 3049 284 3126; x_wconf 89' lang='lat' dir='ltr'><strong>borum</strong></span> <span class='ocrx_word' id='word_1_137' title='bbox 306 3053 555 3152; x_wconf 89' lang='lat' dir='ltr'><strong>opusculorum</strong></span> <span class='ocrx_word' id='word_1_138' title='bbox 574 3054 774 3128; x_wconf 76' lang='lat' dir='ltr'><strong>auctoribus</strong></span> <span class='ocrx_word' id='word_1_139' title='bbox 796 3079 985 3152; x_wconf 86' lang='lat' dir='ltr'><strong>eorumque</strong></span> <span class='ocrx_word' id='word_1_140' title='bbox 1003 3063 1114 3127; x_wconf 89' lang='lat' dir='ltr'><strong>aetate</strong></span> <span class='ocrx_word' id='word_1_141' title='bbox 1136 3052 1231 3126; x_wconf 85' lang='lat' dir='ltr'><strong>dixe·</strong></span> 
     </span>
     <span class='ocr_line' id='line_1_20' title="bbox 92 3153 1231 3256; baseline -0.001 -30"><span class='ocrx_word' id='word_1_142' title='bbox 92 3157 160 3247; x_wconf 82' lang='lat' dir='ltr'><strong>rit,</strong></span> <span class='ocrx_word' id='word_1_143' title='bbox 196 3153 341 3230; x_wconf 88' lang='lat' dir='ltr'><strong>lectores</strong></span> <span class='ocrx_word' id='word_1_144' title='bbox 371 3155 444 3230; x_wconf 82' lang='lat' dir='ltr'><strong>ritc&#39;</strong></span> <span class='ocrx_word' id='word_1_145' title='bbox 468 3167 695 3256; x_wconf 76' lang='lat' dir='ltr'><strong>cognoscant.</strong></span> <span class='ocrx_word' id='word_1_146' title='bbox 757 3157 925 3230; x_wconf 83' lang='lat' dir='ltr'><strong>Nostram</strong></span> <span class='ocrx_word' id='word_1_147' title='bbox 950 3181 1033 3228; x_wconf 84' lang='lat' dir='ltr'><strong>vero</strong></span> <span class='ocrx_word' id='word_1_148' title='bbox 1058 3157 1107 3226; x_wconf 88' lang='lat' dir='ltr'><strong>ita</strong></span> <span class='ocrx_word' id='word_1_149' title='bbox 1131 3155 1231 3226; x_wconf 89' lang='lat' dir='ltr'><strong>iusti-</strong></span> 
     </span>
    </p>

    <p class='ocr_par' dir='ltr' id='par_1_10' title="bbox 5 3243 1231 3664">
     <span class='ocr_line' id='line_1_21' title="bbox 5 3243 1231 3362; baseline -0.001 -33"><span class='ocrx_word' id='word_1_150' title='bbox 5 3287 6 3310; x_wconf 68' lang='lat'><em>³</em></span> <span class='ocrx_word' id='word_1_151' title='bbox 91 3270 233 3329; x_wconf 91' lang='lat' dir='ltr'><strong>tuamus</strong></span> <span class='ocrx_word' id='word_1_152' title='bbox 263 3260 474 3352; x_wconf 84' lang='lat' dir='ltr'><strong>orationem,</strong></span> <span class='ocrx_word' id='word_1_153' title='bbox 517 3269 557 3331; x_wconf 90' lang='lat' dir='ltr'><strong>ut</strong></span> <span class='ocrx_word' id='word_1_154' title='bbox 588 3243 740 3362; x_wconf 75' lang='lat' dir='ltr'><strong>primum</strong></span> <span class='ocrx_word' id='word_1_155' title='bbox 772 3255 990 3359; x_wconf 75' lang='lat' dir='ltr'><strong>gravioribus</strong></span> <span class='ocrx_word' id='word_1_156' title='bbox 1023 3245 1099 3330; x_wconf 89' lang='lat' dir='ltr'><strong>illis.</strong></span> <span class='ocrx_word' id='word_1_157' title='bbox 1126 3250 1231 3356; x_wconf 73' lang='lat' dir='ltr'><strong>quad·</strong></span> 
     </span>
     <span class='ocr_line' id='line_1_22' title="bbox 92 3355 1230 3461; baseline -0.004 -29"><span class='ocrx_word' id='word_1_158' title='bbox 92 3357 262 3433; x_wconf 85' lang='lat' dir='ltr'><strong>stionibus</strong></span> <span class='ocrx_word' id='word_1_159' title='bbox 287 3386 309 3432; x_wconf 92' lang='lat' dir='ltr'><strong>a</strong></span> <span class='ocrx_word' id='word_1_160' title='bbox 330 3356 429 3458; x_wconf 87' lang='lat' dir='ltr'><strong>Majo</strong></span> <span class='ocrx_word' id='word_1_161' title='bbox 454 3363 555 3434; x_wconf 85' lang='lat' dir='ltr'><strong>motis</strong></span> <span class='ocrx_word' id='word_1_162' title='bbox 581 3361 765 3435; x_wconf 89' lang='lat' dir='ltr'><strong>nonnullas</strong></span> <span class='ocrx_word' id='word_1_163' title='bbox 791 3356 1045 3461; x_wconf 71' lang='lat' dir='ltr'><strong>subjungamus</strong></span> <span class='ocrx_word' id='word_1_164' title='bbox 1068 3355 1230 3430; x_wconf 84' lang='lat' dir='ltr'><strong>observa-</strong></span> 
     </span>
     <span class='ocr_line' id='line_1_23' title="bbox 92 3459 1231 3565; baseline -0.002 -31"><span class='ocrx_word' id='word_1_165' title='bbox 92 3460 291 3558; x_wconf 82' lang='lat' dir='ltr'><strong>tiuuculas3</strong></span> <span class='ocrx_word' id='word_1_166' title='bbox 337 3460 460 3536; x_wconf 86' lang='lat' dir='ltr'><strong>deinde</strong></span> <span class='ocrx_word' id='word_1_167' title='bbox 494 3459 599 3565; x_wconf 88' lang='lat' dir='ltr'><strong>hujus</strong></span> <span class='ocrx_word' id='word_1_168' title='bbox 630 3462 792 3546; x_wconf 85' lang='lat' dir='ltr'><strong>editionis</strong></span> <span class='ocrx_word' id='word_1_169' title='bbox 825 3485 914 3560; x_wconf 89' lang='lat' dir='ltr'><strong>quae</strong></span> <span class='ocrx_word' id='word_1_170' title='bbox 945 3461 990 3532; x_wconf 90' lang='lat' dir='ltr'><strong>sit</strong></span> <span class='ocrx_word' id='word_1_171' title='bbox 1022 3461 1133 3554; x_wconf 87' lang='lat' dir='ltr'><strong>ratio,</strong></span> <span class='ocrx_word' id='word_1_172' title='bbox 1169 3460 1231 3558; x_wconf 89' lang='lat' dir='ltr'><strong>qui</strong></span> 
     </span>
     <span class='ocr_line' id='line_1_24' title="bbox 91 3559 999 3664; baseline -0.002 -28"><span class='ocrx_word' id='word_1_173' title='bbox 91 3561 195 3656; x_wconf 87' lang='lat' dir='ltr'><strong>linis,</strong></span> <span class='ocrx_word' id='word_1_174' title='bbox 232 3563 353 3663; x_wconf 90' lang='lat' dir='ltr'><strong>paucis</strong></span> <span class='ocrx_word' id='word_1_175' title='bbox 377 3564 592 3645; x_wconf 58' lang='lat' dir='ltr'><strong>iudicemus,</strong></span> <span class='ocrx_word' id='word_1_176' title='bbox 638 3565 702 3640; x_wconf 89' lang='lat' dir='ltr'><strong>Sic</strong></span> <span class='ocrx_word' id='word_1_177' title='bbox 726 3566 834 3664; x_wconf 70' lang='lat' dir='ltr'><strong>igitur</strong></span> <span class='ocrx_word' id='word_1_178' title='bbox 858 3559 999 3660; x_wconf 78' lang='lat' dir='ltr'><strong>Majusr</strong></span> 
     </span>
    </p>

    <p class='ocr_par' dir='ltr' id='par_1_11' title="bbox 169 3659 1327 3766">
     <span class='ocr_line' id='line_1_25' title="bbox 169 3659 1327 3766; baseline -0.001 -29"><span class='ocrx_word' id='word_1_179' title='bbox 169 3666 203 3737; x_wconf 88' lang='lat'><strong>1.</strong></span> <span class='ocrx_word' id='word_1_180' title='bbox 239 3665 393 3738; x_wconf 86' lang='lat' dir='ltr'><strong>“Latini</strong></span> <span class='ocrx_word' id='word_1_181' title='bbox 415 3664 662 3766; x_wconf 71' lang='lat' dir='ltr'><strong>mptbograpbi</strong></span> <span class='ocrx_word' id='word_1_182' title='bbox 681 3675 830 3766; x_wconf 80' lang='lat' dir='ltr'><strong>quatuor</strong></span> <span class='ocrx_word' id='word_1_183' title='bbox 854 3659 1091 3738; x_wconf 85' lang='lat' dir='ltr'><strong>tantummodo</strong></span> <span class='ocrx_word' id='word_1_184' title='bbox 1114 3673 1232 3736; x_wconf 82' lang='lat' dir='ltr'><strong>extant</strong></span> <span class='ocrx_word' id='word_1_185' title='bbox 1320 3684 1327 3698; x_wconf 84' lang='lat'><em>·</em></span> 
     </span>
    </p>
   </div>
   <div class='ocr_carea' id='block_1_4' title="bbox 5 3755 1279 4376">
    <p class='ocr_par' dir='ltr' id='par_1_12' title="bbox 5 3755 1279 4376">
     <span class='ocr_line' id='line_1_26' title="bbox 91 3755 1271 3868; baseline -0.004 -28"><span class='ocrx_word' id='word_1_186' title='bbox 91 3771 132 3840; x_wconf 92' lang='lat' dir='ltr'><strong>iu</strong></span> <span class='ocrx_word' id='word_1_187' title='bbox 160 3766 369 3841; x_wconf 82' lang='lat' dir='ltr'><strong>editionibus</strong></span> <span class='ocrx_word' id='word_1_188' title='bbox 381 3795 402 3863; x_wconf 74' lang='lat'><em>5</em></span> <span class='ocrx_word' id='word_1_189' title='bbox 431 3771 556 3868; x_wconf 78' lang='lat' dir='ltr'><strong>nempe</strong></span> <span class='ocrx_word' id='word_1_190' title='bbox 584 3769 694 3868; x_wconf 24' lang='lat' dir='ltr'><strong>&#39;vulgo</strong></span> <span class='ocrx_word' id='word_1_191' title='bbox 727 3766 842 3840; x_wconf 90' lang='lat' dir='ltr'><strong>dictus</strong></span> <span class='ocrx_word' id='word_1_192' title='bbox 869 3763 914 3840; x_wconf 84' lang='lat' dir='ltr'><strong>C.</strong></span> <span class='ocrx_word' id='word_1_193' title='bbox 939 3755 1130 3863; x_wconf 75' lang='lat' dir='ltr'><strong>Hyginus,</strong></span> <span class='ocrx_word' id='word_1_194' title='bbox 1170 3766 1232 3862; x_wconf 89' lang='lat' dir='ltr'><strong>qui</strong></span> <span class='ocrx_word' id='word_1_195' title='bbox 1264 3791 1271 3860; x_wconf 38' lang='grc' dir='ltr'>ζ</span> 
     </span>
     <span class='ocr_line' id='line_1_27' title="bbox 93 3857 1249 3967; baseline -0.005 -25"><span class='ocrx_word' id='word_1_196' title='bbox 93 3880 187 3942; x_wconf 83' lang='lat' dir='ltr'><strong>certe</strong></span> <span class='ocrx_word' id='word_1_197' title='bbox 211 3865 366 3967; x_wconf 71' lang='lat' dir='ltr'><strong>Augusti</strong></span> <span class='ocrx_word' id='word_1_198' title='bbox 396 3863 658 3963; x_wconf 81' lang='lat' dir='ltr'><strong>bibliothecario</strong></span> <span class='ocrx_word' id='word_1_199' title='bbox 683 3871 854 3942; x_wconf 86' lang='lat' dir='ltr'><strong>recentior</strong></span> <span class='ocrx_word' id='word_1_200' title='bbox 877 3878 951 3962; x_wconf 84' lang='lat' dir='ltr'><strong>est3</strong></span> <span class='ocrx_word' id='word_1_201' title='bbox 986 3864 1118 3938; x_wconf 83' lang='lat' dir='ltr'><strong>Fabius</strong></span> <span class='ocrx_word' id='word_1_202' title='bbox 1144 3857 1249 3938; x_wconf 82' lang='lat' dir='ltr'><strong>Ful--</strong></span> 
     </span>
     <span class='ocr_line' id='line_1_28' title="bbox 93 3962 1279 4069; baseline -0.004 -27"><span class='ocrx_word' id='word_1_203' title='bbox 93 3972 231 4069; x_wconf 76' lang='lat' dir='ltr'><strong>gentius</strong></span> <span class='ocrx_word' id='word_1_204' title='bbox 262 3971 494 4066; x_wconf 77' lang='lat' dir='ltr'><strong>Planciades3</strong></span> <span class='ocrx_word' id='word_1_205' title='bbox 532 3966 738 4060; x_wconf 70' lang='lat' dir='ltr'><strong>Lactantius</strong></span> <span class='ocrx_word' id='word_1_206' title='bbox 769 3966 938 4043; x_wconf 91' lang='lat' dir='ltr'><strong>Placidus</strong></span> <span class='ocrx_word' id='word_1_207' title='bbox 967 3962 1227 4066; x_wconf 70' lang='lat' dir='ltr'><strong>grammaticus,</strong></span> <span class='ocrx_word' id='word_1_208' title='bbox 1276 4055 1279 4064; x_wconf 29' lang='grc' dir='ltr'><strong><em>Ι</em></strong></span> 
     </span>
     <span class='ocr_line' id='line_1_29' title="bbox 5 4063 1228 4169; baseline -0.004 -26"><span class='ocrx_word' id='word_1_209' title='bbox 5 4089 19 4114; x_wconf 60' lang='grc'>“</span> <span class='ocrx_word' id='word_1_210' title='bbox 93 4073 156 4169; x_wconf 88' lang='lat' dir='ltr'><strong>qui</strong></span> <span class='ocrx_word' id='word_1_211' title='bbox 181 4072 359 4145; x_wconf 88' lang='lat' dir='ltr'><strong>ovidianas</strong></span> <span class='ocrx_word' id='word_1_212' title='bbox 384 4071 520 4146; x_wconf 85' lang='lat' dir='ltr'><strong>fabulas</strong></span> <span class='ocrx_word' id='word_1_213' title='bbox 545 4063 740 4166; x_wconf 64' lang='lat' dir='ltr'><strong>enarravit,</strong></span> <span class='ocrx_word' id='word_1_214' title='bbox 779 4069 929 4168; x_wconf 88' lang='lat' dir='ltr'><strong>denique</strong></span> <span class='ocrx_word' id='word_1_215' title='bbox 954 4067 1124 4142; x_wconf 83' lang='lat' dir='ltr'><strong>Albricus</strong></span> <span class='ocrx_word' id='word_1_216' title='bbox 1152 4066 1228 4164; x_wconf 81' lang='lat' dir='ltr'><strong>phi·</strong></span> 
     </span>
     <span class='ocr_line' id='line_1_30' title="bbox 93 4165 1228 4276; baseline -0.007 -31"><span class='ocrx_word' id='word_1_217' title='bbox 93 4173 282 4269; x_wconf 84' lang='lat' dir='ltr'><strong>losophus,</strong></span> <span class='ocrx_word' id='word_1_218' title='bbox 326 4165 390 4271; x_wconf 87' lang='lat' dir='ltr'><strong>qui</strong></span> <span class='ocrx_word' id='word_1_219' title='bbox 420 4173 464 4246; x_wconf 91' lang='lat' dir='ltr'><strong>d&#39;e</strong></span> <span class='ocrx_word' id='word_1_220' title='bbox 493 4175 702 4276; x_wconf 74' lang='lat' dir='ltr'><strong>imaginibus</strong></span> <span class='ocrx_word' id='word_1_221' title='bbox 732 4173 876 4246; x_wconf 87' lang='lat' dir='ltr'><strong>deorum</strong></span> <span class='ocrx_word' id='word_1_222' title='bbox 910 4169 1228 4246; x_wconf 84' lang='lat' dir='ltr'><strong>commentariolum</strong></span> 
     </span>
     <span class='ocr_line' id='line_1_31' title="bbox 94 4273 1229 4376; baseline -0.007 -28"><span class='ocrx_word' id='word_1_223' title='bbox 94 4274 248 4376; x_wconf 88' lang='lat' dir='ltr'><strong>reliquit.</strong></span> <span class='ocrx_word' id='word_1_224' title='bbox 302 4273 394 4352; x_wconf 82' lang='lat' dir='ltr'><strong>illibi</strong></span> <span class='ocrx_word' id='word_1_225' title='bbox 419 4277 611 4370; x_wconf 84' lang='lat' dir='ltr'><strong>vaticanam</strong></span> <span class='ocrx_word' id='word_1_226' title='bbox 636 4273 880 4350; x_wconf 88' lang='lat' dir='ltr'><strong>bibliothecam</strong></span> <span class='ocrx_word' id='word_1_227' title='bbox 903 4301 967 4374; x_wconf 79' lang='lat' dir='ltr'><strong>pro</strong></span> <span class='ocrx_word' id='word_1_228' title='bbox 990 4297 1067 4348; x_wconf 88' lang='lat' dir='ltr'><strong>mco</strong></span> <span class='ocrx_word' id='word_1_229' title='bbox 1088 4293 1229 4374; x_wconf 87' lang='lat' dir='ltr'><strong>munere</strong></span> 
     </span>
    </p>
   </div>
   <div class='ocr_carea' id='block_1_5' title="bbox 0 0 1398 4800">
    <p class='ocr_par' dir='ltr' id='par_1_13' title="bbox 0 0 1398 4800">
     <span class='ocr_line' id='line_1_32' title="bbox 0 0 1398 4800; baseline 0 1"><span class='ocrx_word' id='word_1_230' title='bbox 0 0 1398 4800; x_wconf 95' lang='lat' dir='ltr'><strong> </strong></span> 
     </span>
    </p>
   </div>
  </div>
 </body>
</html>
