2716 4794
184 225 265 302 rna
465 230 649 336 mycen.
677 231 749 308 m.
773 231 844 322 a.
887 167 1031 310 a-r.
1108 181 1111 187 ’

50 429 61 442 “
185 417 280 484 etiam
308 426 400 484 actus
430 415 609 496 hominum,
643 428 678 484 ut
703 413 858 486 luxuriam
886 431 921 488 et
951 441 1094 488 venerem
1122 418 1208 486 inter
1227 415 1294 484 deos

184 515 378 569 venerantes.
405 503 489 600 'Sic
525 522 654 590 quoque
690 493 853 592 religionis
893 507 1074 598 superstitio
1109 517 1215 572 exorta
1245 514 1293 568 est.

183 589 261 654 Hoc
287 598 394 654 autem
422 587 470 655 vel
500 588 541 654 ab
569 585 717 668 aniculis,
755 588 836 658 ultra
866 592 1125 662 consuetudinem
1155 591 1295 657 humanae

186 673 269 740 vitae
281 673 510 761 superstitibus,
524 683 608 740 teste
621 674 743 755 Servio,
762 677 949 746 vocabulum
964 690 1101 754 sumtum
1115 685 1170 744 est.
1189 675 1295 742 Earum
1344 737 1345 750 ,

159 759 270 824 uenim
297 759 365 848 jam
399 757 635 847 decrepitorum
665 767 699 826 et
728 783 789 912 per
819 763 945 831 nimiam
977 776 1115 841 aetatem
1144 760 1295 826 delirorum

207 844 300 910 rimas
331 842 373 909 de
401 842 582 928 huiusmodi
608 843 725 915 numini
750 869 787 914 us
806 847 1001 918 inventiones
1025 851 1122 917 fuisse
1146 845 1295 914 credimus.

183 867 242 994 let
271 928 447 998 secundum
480 929 667 998 Lucretium
705 952 724 996 a
758 935 854 1001 rebus
888 937 1156 1026 superstantibus,
1192 931 1223 996 id
1256 939 1295 996 est
1342 971 1343 976 κ

142 1010 147 1023 “
183 1014 371 1082 caelestibus
401 1027 433 1084 et
463 1012 590 1096 divinis,
627 1036 761 1104 quarum
790 1037 897 1088 rernm
917 1023 1019 1090 inanis
1039 1023 1133 1103 umor
1149 1029 1181 1085 et
1201 1036 1295 1104 super-

182 1101 286 1179 fluus,
313 1125 350 1168 su
375 1100 495 1170 erstitio
517 1099 700 1190 appellatur.

17 1225 19 1232 ·
139 1200 176 1248 1o
265 1185 298 1251 3.
375 1187 457 1255 esert
486 1187 581 1252 etiam
611 1187 751 1266 Tullius,
783 1186 871 1275 quod
900 1191 1041 1278 suscepit
1068 1188 1129 1256 vito
1153 1182 1296 1252 hominnm

180 1271 447 1361 consuetudoque
473 1273 667 1352 communis,
697 1285 734 1340 ut
764 1275 925 1342 beneficiis
954 1275 1146 1344 excellentes
1175 1271 1250 1337 viros
1270 1268 1295 1330 in

180 1357 302 1424 caelum
323 1357 408 1424 lama
428 1380 469 1426 ac
489 1357 650 1426 voluntate
670 1359 825 1426 tollerent.
867 1361 970 1439 Hinc,
1002 1363 1121 1449 inquit,
1143 1352 1295 1430 Hercules,

179 1442 254 1508 hinc
275 1444 394 1512 Castor
413 1454 446 1510 et
468 1442 601 1523 Pollux,
623 1443 697 1512 hine
709 1439 916 1533 Aesculapius
934 1445 1170 1516 deificationem
1189 1461 1296 1510 meroe·
1328 1518 1331 1526 ,

179 1539 262 1607 runt.
302 1529 424 1610 Postea
450 1541 556 1596 tamen
585 1529 672 1618 apud
700 1529 906 1598 Athenienses
936 1543 969 1600 et
988 1533 1158 1600 Romanos
1185 1537 1296 1620 cautum

137 1625 238 1692 tuest,
257 1635 302 1680 ne
324 1615 394 1702 quis
414 1637 511 1687 noras
532 1614 751 1682 introduceret
770 1615 951 1703 religiones.
990 1619 1088 1686 Unde
1110 1629 1144 1684 et
1164 1617 1297 1682 Socrates

178 1697 346 1766 damnatus
381 1711 448 1780 est,
491 1711 526 1767 et
555 1700 672 1768 ludaei
712 1699 759 1765 vel
793 1700 948 1793 Chaldaei
980 1706 1022 1771 ab
1047 1706 1146 1772 «urbe
1183 1694 1295 1789 depulsi.

176 1785 264 1850 Hinc
285 1784 435 1870 Virgilius
456 1783 672 1872 eleganterin
693 1786 791 1854 VlII:
951 1855 953 1864 .
1036 1853 1039 1860 ,

610 1871 692 1938 Non
731 1871 814 1937 baec
852 1871 1038 1942 sollemnia
1073 1869 1174 1940 nobis

232 1962 233 1970 ’
254 1953 372 2021 Vana
395 1955 600 2044 superstitio
620 1956 969 2044 veterumve‘tgaa'ra
990 1957 1137 2026 morum
1220 1973 1222 1980 ’

133 2053 173 2105 20
205 2099 207 2106 ,
260 2039 446 2128 Imposuit.
487 2077 771 2088 --------
809 2063 812 2070 ·
1166 2091 1181 2114 1„
1326 2091 1327 2096 1

175 2124 250 2190 Duo
274 2145 412 2214 namque
434 2124 526 2192 dicit:
557 2122 767 2212 nequeenim
790 2122 845 2190 vel
860 2122 952 2204 ideo,
981 2125 1035 2206 ait,
1060 2125 1236 2192 Herculem
1250 2141 1293 2187 co-

158 2210 283 2291 ·hmus,
305 2213 379 2300 quia
398 2233 533 2280 omnem
546 2209 862 2296 religionemveram
905 2224 1044 2294 utamus,
1067 2212 1116 2278 vel
1140 2214 1215 2301 quia
1232 2208 1295 2275 deos

172 2297 360 2382 ignoramus
381 2299 538 2386 antiquos.
580 2295 678 2371 Quod
693 2295 858 2386 Nymphas
878 2235 1031 2384 Neptuno
1054 2295 1295 2382 dedicant-ipsu

173 2383 306 2450 nominis
324 2383 517 2474 etymologia
538 2403 637 2448 causa
652 2392 712 2449 est.
747 2382 916 2471 Nymphae
931 2383 1013 2448 enim
1052 2385 1125 2450 uasi
1142 2381 1297 2471 lymphati

130 2466 208 2558 ²⁵ld
237 2478 287 2536 est
314 2491 426 2557 aquae
453 2469 559 2535 dictae
580 2479 662 2534 sunt.
704 2465 927 2569 Nympharum
948 2491 1023 2534 vero
1070 2492 1136 2536 anu
1157 2469 1214 2536 dat
1234 2467 1296 2530 ser-

174 2553 240 2620 vius
261 2553 480 2621 differentiam.
523 2551 682 2640 Nujades,
714 2552 833 2640 iuqmt,
865 2551 947 2620 deae
976 2551 1133 2622 dicuntur
1163 2553 1297 2628 fontium

150 2667 153 2670 ·
171 2645 239 2705 nais
260 2640 344 2705 euim
367 2662 460 2726 aqua
480 2636 614 2718 dicitur3
642 2635 789 2710 oreades
809 2639 981 2722 montium3
1008 2637 1087 2727 ὅρος
1111 2641 1198 2708 enim
1217 2655 1298 2704 mom

169 2726 414 2814 interpretatum
434 2721 584 2813 Dryades
606 2721 754 2790 ‘silvarum
777 2722 875 2806 deao;
900 2725 979 2812 dosis
1001 2746 1146 2814 namque
1167 2739 1298 2816 quereus

169 2821 272 2877 sonat.
313 2807 410 2876 Unde
432 2820 466 2878 et
483 2807 712 2898 Amadryades,
732 2808 766 2882 id
789 2820 838 2876 est
858 2820 1017 2894 amantes
1037 2834 1211 2898 quercus,
1227 2823 1299 2896 quat

126 2894 332 2975 aonidelioet,
363 2905 400 2963 ut
426 2895 472 2962 hit
492 2879 696 2975 Aristbteles,
718 2919 791 2974 oum
807 2895 975 2962 arboribus
998 2899 1181 2964 nasouritur
1202 2907 1234 2962 et
1253 2911 1299 2981 pe·

167 2994 271 3050 ruunt.
312 2981 509 3050 Marianam
543 2980 625 3050 deae
659 2981 816 3050 Nereides
848 3005 869 3048 a
900 2979 1029 3061 Nereo,
1068 2979 1138 3050 deo
1177 2981 1298 3052 marino,

167 3065 283 3135 diotae.
326 3067 438 3138 Ventis
458 3089 587 3157 quoque
608 3067 779 3155 Neptunus
802 3076 953 3154 praeesse
974 3064 1110 3150 dicitur,
1143 3065 1245 3158 quod
1259 3084 1299 3130 se
1342 3069 1343 3072 ’

168 3153 309 3222 eundum
357 3153 482 3244 hysicos
505 3164 594 3220 motu
614 3176 718 3240 aquae
739 3165 852 3220 ventus
875 3162 1011 3220 creatur.
1121 3219 1123 3224 ,

220 3239 224 3254 '
252 3241 285 3310 4.
320 3283 323 3288 -
363 3237 663 3318 abeturiasabula,
687 3238 774 3328 quod
796 3259 894 3327 quum
913 3235 1084 3326 Neptunus
1109 3249 1146 3306 et
1167 3238 1301 3305 Minerva

126 3325 210 3392 aude
237 3327 436 3396 Athenarum
459 3325 586 3392 nomine
617 3323 865 3405 contenderent,
904 3321 1024 3410 placuit
1054 3321 1139 3404 diis,
1180 3335 1220 3392 ut
1246 3319 1303 3409 ejus

129 3435 133 3442 ’
167 3413 294 3478 nomine
313 3413 423 3485 civitas
447 3409 624 3492 diceretur,
655 3411 715 3498 qui·
734 3409 845 3478 melius
866 3424 981 3496 munus
1003 3410 1198 3482 mortalibus
1220 3409 1318 3480 obtu-¹

165 3497 254 3566 iisset
305 3497 402 3576 'l'unc
422 3496 591 3584 Neptunus
613 3517 767 3583 percusso
792 3495 884 3561 litore
911 3515 1045 3596 equum,
1077 3495 1206 3562 animal
1233 3487 1305 3560 hello

166 3597 294 3672 aptum,
317 3581 503 3670 produxit3.
518 3584 662 3657 Minerva
688 3583 773 3668 jacta
802 3581 894 3648 hasta
914 3580 1028 3648 olivum
1049 3582 1200 3666 creauit3
1233 3595 1305 3668 quae

166 3691 218 3742 res
246 3668 358 3736 melior
386 3669 592 3756 comprobata
619 3681 685 3742 est,
711 3679 760 3744 ,ut
784 3667 873 3754 pacis
908 3665 1043 3751 insigne.
1097 3667 1222 3740 Quare
1241 3661 1306 3728 ,dea

62 3780 65 3783 ·
125 3764 270 3822 ausuum
289 3777 407 3821 nomen
435 3753 508 3820 urbi
535 3751 642 3836 dedit;
657 3829 660 3835 Δ
674 3750 815 3839 Ἀθηνᾶ
847 3750 929 3818 euim
961 3763 993 3818 et
1012 3749 1168 3820 Minerva
1199 3749 1308 3820 eadem

165 3853 232 3921 est,
254 3851 482 3926 etfutrumque
503 3861 618 3906 nomen
636 3835 889 3920 immortalitas
903 3838 1145 3922 interpretatur.
1174 3837 1306 3923 ‚Equum

164 3938 316 3994 autema
338 3925 489 4015 Neptuno
510 3925 714 4014 progenitum
742 3921 794 3994 ulli
813 3921 1010 4002 Solssthlums
1041 3921 1092 3990 alil
1116 3921 1310 4018 Chironem,

164 4010 216 4076 alii
242 4011 391 4078 Arionem
419 4009 535 4082 volunt.
589 4009 672 4080 Sunt
705 4031 787 4096 ergo
817 4008 978 4096 Athenae,
1015 4018 1053 4094 ut
1080 4027 1153 4094 ego
1189 4026 1310 4092 accept

155 4117 267 4186 ,prope
294 4097 367 4166 litus
396 4097 492 4164 maris
521 4096 611 4164 sitae.
634 4093 831 4180 tundest,
848 4093 941 4192 regio
970 4089 1123 4182 adjacens
1148 4095 1196 4160 ab
1222 4081 1313 4176 ἀκτὴ,

55 4245 60 4259 .
122 4181 253 4270 taqaod
271 4181 346 4256 litus
367 4183 613 4271 interpretatur,
630 4182 723 4262 ,Acte
741 4177 964 4262 ‚vel',Attrec,
995 4178 1120 4267 ipsique
1132 4180 1312 4246 Athenien-

159 4291 216 4360 ses
238 4265 358 4344 Attici
370 4279 614 4361 -.nuucupautur.
641 4267 940 4365 :Btss'flziliitsstsel
956 4275 1075 4334 terram
1090 4257 1213 4335 illam.
1226 4259 1314 4342 ‚olins
