2716 4794
166 185 247 264 170
477 182 661 288 myrhope
689 183 769 261 ul..
800 109 885 260 ἰ..
913 183 980 262 to.

164 373 266 466 prlma
292 376 368 464 pais
396 369 491 452 runt,
521 368 555 441 id
582 373 631 440 est
650 369 849 440 ianuarias
869 371 1059 462 nominatur.
1101 375 1292 444 Auonnolds
1332 396 1344 445 ¹.

165 460 230 526 diei
252 455 370 527 dieitur
391 453 489 538 deus,
523 455 707 546 bifrousque
727 469 860 547 propter
880 459 986 528 ortu'm
1008 471 1042 528 et
1062 479 1211 530 oeoasum
1229 463 1292 550 plu-

125 553 128 558 ’
165 545 267 634 gitur.
308 541 405 612 Unde
427 541 598 610 Horatius:
1017 569 1025 594 ·

253 629 433 696 Matutine
449 637 573 715 pater,
601 647 662 692 eeu
683 624 776 693 Jaus
795 621 964 698 libentius
984 629 1102 698 audis.
1203 673 1205 680 -

143 713 285 784 stlitem
316 716 413 782 etiam
444 733 541 779 omne
572 721 782 780 cousecratur
808 711 951 796 initium,
985 714 1165 804 diciturque
1190 715 1294 797 lanus,

167 801 255 891 quod
277 801 350 866 anni
364 802 519 886 januum
537 795 668 886 pandet
703 795 802 864 Unde
822 812 857 866 et
877 802 950 868 anui
970 800 1091 868 initium
1114 803 1156 868 ab
1177 823 1294 868 eonon

38 911 40 918 ’
129 891 134 901 “
167 885 308 955 absurde
342 893 554 972 nuncupetur.
607 883 695 950 lane
723 881 831 970 templi
860 886 928 975 ejus
958 885 1122 978 aperiendi
1142 888 1191 953 vel
1213 887 1295 954 elau-

167 971 265 1040 dendi
287 957 371 1038 ratid
387 971 481 1061 juxta
502 967 650 1036 Servium
671 969 757 1036 varia
778 981 836 1036 est.
878 971 935 1045 Alii
958 973 1059 1054 enim,
1090 973 1207 1061 inquit,
1227 973 1295 1039 Ro-

168 1059 253 1126 mulo
277 1071 389 1124 eontra
409 1053 547 1124 Sabinos
568 1067 748 1143 pugnante,
769 1075 867 1144 quum
888 1057 921 1124 in
941 1077 990 1123 eo
1003 1070 1088 1126 esset
1109 1071 1144 1126 ut
1162 1060 1298 1126 vincere-

125 1157 236 1227 rotor,
265 1141 401 1211 ualidam
427 1141 534 1208 ferunt
563 1163 678 1246 aquom
707 1163 748 1209 ex
779 1141 894 1212 eodem
923 1143 996 1209 loeo
1018 1144 1182 1234 erupisse,
1215 1167 1296 1232 quae

170 1231 292 1320 fugarit
323 1226 498 1294 exereitum
528 1225 729 1297 Sedunorum.
780 1207 869 1295 lune
894 1249 975 1318 ergo
1002 1243 1140 1300 tractum
1169 1251 1298 1312 morem,

167 1327 205 1384 ut
234 1313 408 1405 pugnaturi
438 1312 599 1403 aperirent
617 1313 797 1400 templum,
836 1313 922 1401 quod
950 1316 983 1380 in
1013 1336 1056 1382 eo
1087 1315 1159 1392 loeo
1196 1317 1300 1386 luerat

168 1403 390 1478 constitutum,
428 1398 528 1486 quast·
552 1397 594 1465 ad
623 1399 765 1486 speeiem
792 1399 915 1486 pristini
945 1403 1057 1484 auxilii.
1100 1401 1156 1472 Alit
1179 1400 1298 1484 dieunt,

71 1507 73 1510 ·
164 1489 298 1565 Tatium
325 1496 361 1553 et
381 1480 565 1565 Romulum,
588 1484 673 1551 laeto
692 1483 833 1565 foedere,
856 1487 1005 1574 templum
1024 1489 1088 1553 lroo
1103 1487 1301 1555 aedificasse.

125 1573 264 1642 toUnde
285 1583 319 1638 et
337 1571 456 1636 danum
475 1567 557 1673 dues
578 1569 700 1638 habere
711 1569 819 1652 laoies,
841 1584 877 1676 ut
890 1571 1036 1641 videlieet
1054 1572 1203 1677 ostepdat
1215 1573 1299 1639 duo-

166 1677 391 1896 illii‘ffiir
411 1656 748 1840 {litltlllnit
763 1657 1300 1833 tltletllttllttlltl

166 1841 304 1980 optario.
323 1829 432 1988 elilerid
450 1933 528 1979 vero
548 1910 634 1980 Aeoli
656 1913 801 2000 superius
823 1912 955 1980 ieeimus
976 1915 1179 1994 mentionem,
1200 1914 1301 1984 refert

125 2009 243 2066 aueum
265 2000 368 2066 Varro
389 1997 439 2067 lx
460 1996 633 2065 insularum
656 2019 769 2084 regem
798 1999 913 2080 fuisse,
943 2021 984 2065 ex
1014 2021 1150 2088 quarum
1178 2000 1299 2068 nebulis

167 2098 202 2154 et
222 2084 395 2154 Vuleaniae
416 2084 539 2151 insulae
559 2085 646 2151 lurno
669 2083 858 2173 praedicens
877 2086 983 2152 lutura
1005 2099 1169 2154 ventorum
1186 2087 1300 2168 flabra,

100 2215 108 2223 -
166 2172 209 2240 ab
236 2173 388 2262 imperitis
429 2169 570 2238 creditus
587 2181 651 2238 est
684 2171 717 2236 lu
758 2191 817 2236 sua
846 2183 1008 2258 potestate
1041 2183 1151 2240 ventos
1179 2181 1299 2239 tenere.

80 2292 84 2299 ·
165 2259 258 2326 Sunt
273 2270 379 2326 aetem
403 2256 494 2344 ipsae
513 2255 636 2324 insulae
656 2266 730 2344 post
751 2255 866 2324 fretum
889 2257 1033 2338 Siciliae,
1061 2279 1147 2346 quae
1166 2259 1206 2324 ab
1228 2259 1299 2346 ipso

108 2407 117 2422 ,
167 2341 282 2424 Aeolo,
311 2345 476 2494 Hippptae
504 2341 652 2408 videlieet
678 2340 760 2436 filio,
793 2339 940 2408 Aeoliae
971 2343 1186 2432 appellentur,
1226 2343 1301 2412 lieet

124 2435 201 2497 eset
226 2430 355 2518 propria
407 2429 525 2495 abeant
554 2425 718 2494 voeabula.
759 2425 813 2492 De
839 2443 903 2494 una
933 2449 1043 2496 earum
1069 2430 1114 2496 ait
1133 2429 1301 2514 Virgllius:

166 2513 332 2582 Aeoliam
349 2513 520 2600 Liparen.
562 2513 700 2579 Aliarum
730 2512 859 2577 nonina
890 2513 977 2602 apud
998 2515 1189 2582 Mattianum
1205 2537 1303 2604 repe·

165 2599 281 2681 rimus,
310 2600 365 2688 qui
392 2610 498 2665 temen
526 2597 590 2664 vll
619 2609 742 2664 tentum
770 2597 887 2665 insulas
916 2599 1039 2668 Aeolius
1060 2611 1195 2684 tractat,
1229 2623 1302 2668 eas-

167 2685 305 2776 demque
325 2705 345 2751 a
366 2683 481 2750 nostris
506 2680 703 2750 Vulcanius
726 2682 790 2749 diei
820 2685 950 2766 assetlt3
977 2687 1009 2754 iu
1038 2709 1173 2776 quarum
1201 2687 1306 2756 etiam

81 2795 107 2908 ι
123 2783 362 2926 elutus
382 2766 1305 2948 {lemntltttnltlnnnstetten·

165 2943 221 3032 qui
241 2941 633 3020 ventosflatumsesteu
654 2940 861 3022 intellexisse3
882 2942 970 3025 quod
985 2943 1165 3032 hodieque,
1187 2907 1306 3032 inquit:
1354 2987 1355 2994 κ

163 3029 235 3119 eius
267 3028 332 3096 loel
363 3025 482 3094 ineolas
517 3037 640 3094 oenum
671 3039 721 3096 est
749 3028 955 3116 praesentire.
1013 3029 1154 3119 Physica
1192 3043 1307 3096 autem

115 3135 119 3142 ’
163 3115 289 3182 melone
313 3115 346 3180 in
374 3126 466 3181 antro
495 3111 612 3179 Aeolus
643 3111 759 3178 sedere
785 3115 827 3180 lin
854 3112 934 3195 tur,
962 3115 1041 3204 quia
1070 3115 1218 3183 naturale
1240 3128 1305 3194 est,

164 3211 202 3266 ut
221 3199 292 3268 laea
311 3219 452 3284 concava
474 3197 567 3288 plena
589 3198 651 3265 sint
671 3198 780 3266 ventis.
818 3245 820 3252 ·
901 3219 976 3268 num
1005 3201 1035 3267 ei
1060 3200 1148 3268 Juno
1167 3200 1307 3290 fingitur

120 3283 328 3368 {tededlsm
349 3285 424 3374 quia
449 3297 558 3352 motus
586 3283 685 3363 uiris,
720 3282 755 3349 id
785 3295 835 3350 est
857 3221 1016 3367 efiltrensis,
1042 3299 1169 3354 'ventos
1198 3299 1306 3366 erest,

162 3373 278 3523 Ἅυίδω
302 3383 433 3461 praeest
454 3369 581 3437 lleolus.
626 3367 748 3435 Sedet
768 3380 865 3458 motu*
878 3387 983 3459 aquae
1002 3371 1180 3439 seeundum
1202 3389 1308 3464 qnos·
1353 3429 1354 3462 ἶ

185 3473 239 3524 ἐιη
264 3458 350 3526 renti
379 3467 549 3535 creantur·
594 3451 694 3520 Unde
722 3454 906 3544 Nymplmm
931 3453 959 3522 ei
987 3456 1018 3522 in
1049 3457 1191 3526 Aeneide
1227 3457 1308 3526 ideo
1353 3465 1354 3539 l

161 3542 341 3610 'seeundum
362 3542 510 3608 Servium
531 3537 670 3632 spondet
690 3539 793 3619 June,
826 3541 902 3629 quia¹
929 3559 1027 3632 qnare
1058 3555 1229 3611 ventorum
1248 3563 1308 3608 rex

60 3659 63 3662 ·
162 3630 220 3708 sit,
250 3630 365 3696 merito
390 3628 423 3694 ei
449 3626 599 3718 juugitur
628 3626 723 3712 urigo
752 3636 928 3695 ventorum.
986 3627 1060 3694 Nan
1091 3641 1204 3697 autem
1236 3629 1309 3696 sine

118 3715 288 3782 tutatione
307 3715 393 3782 Juno
414 3715 445 3780 iu
467 3734 526 3780 sua
547 3721 706 3799 potestate
726 3709 892 3802 Nymphae
916 3725 1028 3780 tenere
1055 3713 1190 3795 dieitur,
1226 3715 1310 3802 qnia
1352 3779 1353 3788 ,

162 3801 234 3889 ipsa
257 3810 307 3868 est
327 3806 400 3880 adr,
429 3795 472 3864 de'
499 3817 563 3886 quo
585 3798 685 3864 nubes
708 3812 866 3867 oreretur.
909 3799 1006 3866 Unde
1028 3801 1246 3890 esu-Atque
1271 3799 1310 3864 iu
1352 3799 1353 3833 l

164 3884 289 3950 nubem
310 3887 451 3974 cogitur
469 3886 543 3949 oe‘r.
586 3883 639 3950 Ex
668 3884 806 3954 nubibus
834 3903 937 3973 aquae
962 3881 1189 3965 tententur,
1225 3903 1310 3972 quas

160 3969 333 4060 Nymphas
361 3989 517 4036 essenon
544 3964 676 4042 dubium
697 3981 757 4038 eet.
800 3971 888 4038 Saue
912 3972 1026 4040 notam
1047 3970 1221 4060 Virgilium
1243 3969 1312 4034 ori-

161 4055 235 4137 tioi,
257 4053 344 4145 qued
363 4054 461 4122 Aeolo
484 4055 598 4123 marito
616 4055 773 4145 promittit
792 4070 942 4138 unormnr
966 4054 1056 4144 quod
1074 4069 1183 4137 tamea
1207 4054 1312 4150 regia
1351 4031 1352 4126 i

123 4151 383 4230 semmpetenter
402 4151 536 4208 exousat
553 4137 827 4210 lieentia²‘==1lnde
852 4140 1024 4210 Salustius:
1065 4139 1189 4206 Deum
1226 4141 1313 4212 altu

166 4224 234 4292 elii
251 4224 374 4314 plures
394 4223 547 4308 Mente
573 4227 635 4292 aad
662 4247 762 4314 reges
790 4249 831 4294 ea
856 4227 1022 4315 arnpliue.
1062 4224 1180 4314 Quod·
1194 4236 1313 4294 autem
1350 4273 1351 4314 ,
