2716 4794
119 161 262 262 'uo'
504 177 1041 285 mycipsa-rara..
1162 283 1168 302 Ι

165 369 244 440 litus
270 369 464 456 carpebant,
495 363 654 453 prohibita
685 378 736 436 est
761 370 895 458 propius
927 367 1096 438 accedere.
1138 373 1245 448 Qum
1266 375 1306 445 ob
1353 413 1355 418 ,

51 527 53 534 ,
167 449 237 524 rem
254 453 336 523 irata
357 454 449 546 petiit
467 472 487 518 a
508 449 585 531 diis,
612 462 649 520 ut
669 475 840 542 numquam
863 455 994 524 accolae
1014 468 1131 544 stagna
1153 474 1307 530 carerent

168 539 292 608 Auditis
314 541 472 630 precibus,
493 535 642 625 Juppiter
663 539 820 625 agricolas
836 541 869 608 in
886 563 1034 609 ranarum
1044 543 1193 632 speciem
1207 549 1308 616 vertit.

169 627 282 702 Quum.
307 639 430 706 actem,
457 623 584 688 Juncne
612 636 841 712 persequente,
870 639 1045 716 conceptos
1073 629 1247 718 Apollinem
1276 646 1308 702 et

142 711 304 780 §Dianam
320 733 434 801 parere
449 731 513 774 nou
534 721 661 796 posset,
683 711 776 778 terris
792 711 937 779 omnibus
952 713 1091 802 expulsa,
1109 715 1307 787 taudem'ali-

188 797 305 879 uaudo,
324 796 464 887 Ortygia
482 794 661 882 applicante
682 817 719 862 se
736 795 897 879 litoribus,
924 809 1079 902 suscepta
1101 813 1167 883 est,
1196 815 1230 872 et
1246 804 1308 872 illic

165 821 302 950 ilianum
325 883 443 972 primo,
465 891 541 968 post
552 879 726 968 Apollinem
746 879 865 962 edidit;
888 884 1087 972 quistatim,
1109 888 1217 955 occiso
1238 889 1308 980 Py,-

165 969 274 1046 thone,
297 969 379 1036 ultus
400 979 449 1036 est
469 964 578 1033 matris
606 965 760 1056 injuriam.
796 969 884 1036 Saue
908 977 983 1038 nata
997 969 1103 1042 Diana
1119 975 1308 1061 parturienti

164 1051 337 1144 Apollinem
360 1051 452 1122 matri
472 1049 588 1119 dicitur
609 1051 795 1140 praebuisse
816 1053 994 1121 obstetricis
1016 1055 1167 1127 officium.
1208 1059 1308 1149 Unde

25 1223 28 1231 V
124 1155 263 1292 lcqluum
301 1139 407 1208 Diana
442 1137 483 1206 sit
516 1137 626 1224 virgo,
661 1149 766 1204 tamen
799 1161 819 1207 a
850 1139 1097 1227 parturientibus
1130 1143 1307 1217 invocatur.

200 1249 260 1294 acc
291 1248 428 1314 namque
457 1235 506 1289 est
526 1222 630 1290 Diana
651 1222 746 1290 Luna
761 1221 970 1314 Proserpina.
1012 1225 1101 1296 Nata
1120 1222 1219 1318 igitur
1239 1231 1307 1301 duo

99 1373 109 1384 ,
163 1312 293 1382 numina
314 1324 432 1378 terram
459 1307 518 1375 sibi
543 1307 679 1376 natalem
702 1331 812 1376 errare
831 1331 895 1376 non
917 1333 1013 1399 passa
1033 1326 1124 1396 sant,
1151 1315 1307 1388 sedeam

163 1397 288 1482 duabus¹
309 1391 442 1486 insulis,
456 1393 584 1484 Myconi
607 1395 800 1545 Gyaroque,
822 1396 1044 1484 religaverunt
1081 1401 1206 1469 Veritas
1226 1428 1306 1474 vero

145 1483 261 1572 ¹longe
282 1481 421 1560 aliaest
455 1479 539 1546 Nam
557 1479 638 1581 haec
656 1480 756 1548 insua
774 1503 872 1569 quum
894 1494 1000 1550 terrae
1022 1497 1110 1553 motu
1122 1486 1307 1574 laboraret,

120 1565 1306 1740 ¹⁶ltbfilttlrlllltl?‘tltultltalltltlllttitini:

159 1741 243 1808 Nam
265 1740 447 1843 praecepit,
476 1760 518 1804 ne
545 1737 607 1804 illic
635 1749 779 1806 mortuus
806 1739 1011 1826 sepeliretur,
1037 1753 1071 1810 et
1085 1742 1182 1832 jussit
1201 1769 1305 1835 quae-

160 1825 235 1906 dam
256 1827 413 1894 sacrificia
434 1823 512 1890 lieri.
555 1821 675 1890 Postea
694 1847 713 1890 e
733 1824 873 1914 Myccuc
899 1827 1092 1918 Gyaroque,
1124 1829 1231 1900 ricinis
1254 1835 1304 1900 in·
1354 1879 1355 1882 =

160 1911 253 1995 aulis,
283 1909 390 2000 populi
420 1920 590 1988 venerunt,
625 1909 680 1996 qui
700 1931 756 1984 eas
779 1921 931 1978 tenerent
975 1912 1072 1988 Quod
1094 1925 1199 1982 autern
1221 1917 1303 1986 Dia-

116 2021 234 2074 sonam
255 2000 362 2085 primo,
377 2006 484 2066 natam
506 1993 657 2074 diximus,
688 1993 781 2098 hujus
803 2006 852 2064 eet
872 1996 1013 2064 rationis.
1056 1997 1140 2066 Nam
1164 2016 1302 2082 constat,

181 2085 302 2174 nimum¹
320 2093 447 2160 noctem
474 2080 591 2158 luisse,
622 2078 712 2170 cujus'
731 2091 974 2152 mstrumentum
999 2096 1049 2152 est
1073 2083 1165 2164 luna,
1194 2087 1229 2154 id
1250 2102 1302 2158 est
1354 2141 1355 2176 ,

157 2108 281 2254 irinum
301 2180 386 2259 post,
409 2167 512 2246 diem,
533 2188 628 2256 quem
650 2167 698 2232 sal
718 2165 832 2246 efficit,
853 2165 887 2232 id
908 2181 960 2238 est
979 2167 1099 2260 Apollo.
1126 2169 1174 2238 Ut
1192 2184 1302 2243 autem
1354 2207 1355 2270 q

63 2253 64 2258 ’
156 2255 258 2324 Delos
276 2252 383 2346 primi)¹
401 2250 538 2344 Ortygia
560 2252 739 2334 diceretur,
773 2251 892 2320 lactum
912 2265 998 2324 csta
1020 2255 1193 2339 coturnice,
1216 2283 1303 2348 quae

157 2342 288 2408 Graece
307 2339 404 2430 ὄρτυξ
425 2350 566 2408 vocatur.
608 2337 708 2406 Delos
732 2347 838 2414 autem
859 2335 993 2420 dicitur,
1020 2367 1022 2372 ’
1043 2343 1094 2428 uia
1121 2340 1177 2409 diu
1197 2342 1303 2430 latuit,

5 2429 12 2442 ‘
91 2429 98 2474 ·,
112 2439 193 2494 anet
218 2439 291 2515 post
324 2425 481 2516 aparuit
522 2424 607 2502 Nem
635 2425 738 2511 δῆλον
766 2425 894 2490 Graece
917 2363 1149 2514 mandentum
1170 2427 1302 2499 dicitur.

157 2511 235 2593 Vel,
263 2536 326 2601 quo
372 2512 477 2580 verius
498 2522 568 2586 est,
596 2509 688 2612 quia,
714 2529 812 2597 quum
829 2509 948 2598 ubique
969 2511 1119 2600 Apollinis
1142 2535 1303 2604 respousa

87 2653 91 2658 .
153 2598 390 2690 obscurarint,
419 2595 587 2666 manifesta
607 2593 668 2662 rllic
688 2592 806 2663 dantur
825 2589 966 2664 oracula.
1035 2613 1060 2666 ·.

247 2868 256 2878 ι
296 2741 362 2857 18.
387 2743 389 2752 ,
415 2765 618 2872 ‚Triplex⁴
645 2761 891 2872 Apollinis
926 2763 1149 2870 pdtestas.

237 2898 377 2966 Constat
397 2906 502 2963 autem
524 2894 655 2986 triplicis
673 2917 746 2962 esse
760 2896 792 2961 'A
816 2895 940 2964 ollinem
957 2899 1136 2986 potestatis,
1158 2909 1194 2968 et
1214 2925 1302 2984 eun:
1353 2887 1354 2894 ἵ

108 2981 226 3052 audem
256 3007 328 3050 esse
350 2981 458 3050 Solem
481 3005 498 3048 a
523 2979 567 3047 ud
599 3003 636 3048 su
662 3001 753 3062 eros,
789 2919 942 3048 {iberum
977 2995 1100 3070 patrem
1126 2986 1159 3051 in
1185 2991 1302 3071 terris,

57 3070 60 3079 “
148 3068 323 3158 Apollinem
346 3068 583 3156 apudinoros.
679 3065 722 3134 de
743 3065 845 3136 etism
871 3069 932 3158 trip
951 3065 1088 3158 insignia
1113 3071 1200 3138 circa
1225 3076 1303 3142 e‘us

148 3155 351 3230 simulacrum
373 3153 533 3236 'ridemusq
560 3151 678 3241 lyram,
708 3174 791 3243 quac
821 3152 912 3231 nobis
938 3155 1083 3224 caelestis
1106 3156 1304 3230 harmoniae

98 3252 101 3266 ·
147 3241 320 3330 imaginem
337 3237 514 3321 'monstram
541 3237 750 3340 quadrigam,
771 3259 855 3326 quae
876 3237 971 3305 ctiam
992 3253 1154 3309 terrenum
1173 3264 1303 3314 numen

148 3327 307 3410 ostendit;
338 3326 373 3394 sa
400 3326 491 3404 ittas,
522 3323 636 3412 quibus
661 3320 775 3387 inserui
811 3323 890 3396 deus
923 3333 957 3390 ct
987 3327 1099 3408 nonius
1121 3328 1304 3402 indicatur.

104 3412 244 3482 ³⁵Unde
264 3424 298 3482 et
317 3415 386 3504 Apo
449 3413 579 3480 Graece
599 3409 671 3473 late
686 3406 837 3495 perdens
859 3405 984 3476 dicitur.
1043 3415 1045 3422 “

284 3675 285 3678 ¹
342 3579 408 3660 19.
459 3537 600 3680 'Varia
630 3561 874 3681 Apollinis
906 3571 1094 3692 nomina.

228 3713 256 3778 A
295 3710 427 3788 dirersis
466 3708 638 3798 gentibus-1
657 3709 749 3776 variis
784 3709 963 3778 nominibus
1001 3723 1137 3779 vocatur
1152 3693 1304 3802 Apollo.

27 3828 58 3875 μ
143 3797 237 3886 Apud
260 3796 491 3902 Acbaemenios
511 3793 733 3898 sl'itnn;'apud
753 3791 930 3946 Aegyptiqs
951 3796 1075 3902 Osirisp
1095 3799 1305 3904 apqd0i‘er.

20 3910 33 3931 ·
143 3907 213 3962 sas,
242 3885 297 3948 ubr
317 3905 348 3948 rn
371 3897 465 3952 antro
493 3881 607 3948 colitur
645 3893 778 3968 propter
806 3903 955 3969 ecrpsm,
987 3905 1083 3976 qnam
1105 3887 1311 3972 obqectrone

102 3969 238 4035 4clunae
268 3971 403 4056 patitur,
441 3967 559 4035 Mithra
586 3975 727 4050 vocatur.
778 3965 834 4032 lbi
862 3968 945 4034 enim
968 3967 1038 4048 Sol·
1052 3968 1150 4035 leonis
1186 3973 1304 4060 vultu,
1352 4019 1353 4070 q

145 4075 217 4120 cum
247 4053 345 4134 tiara,
366 4054 507 4121 *Persico
529 4052 644 4129 cultu„
670 4051 742 4116 buri
770 4050 939 4134 insidens,-
968 4053 1111 4142 utrisque
1137 4059 1303 4130 manibus
1352 4077 1353 4120 r

141 4159 270 4292 aaa
284 4136 1324 4320 azaroltaetntraraalassans.
