2744 4788
323 179 506 281 nryuogr.
532 181 583 252 u.
638 109 892 252 ace-rrn
1102 110 1204 250 rca'
1281 171 1284 178 ’

70 363 223 432 certamine
245 387 315 432 cum
337 385 454 452 magua
477 363 633 430 exercitus
655 372 745 448 parte
767 362 897 428 obrutus
925 357 1050 442 luisset,
1081 359 1178 428 firrra·

69 465 129 520 runt
148 451 243 532 socii,
271 473 342 518 eum
366 451 398 516 iu
419 449 514 518 deum
536 449 688 515 marinum
710 469 783 514 esse
804 468 999 516 conversum.

311 625 315 636 '
385 643 507 726 ,sca
562 645 816 719 craneus.
883 707 886 715 ,

136 768 272 836 Glaucus
300 771 440 858 piscator
468 770 540 850 luit,
573 769 766 838 Anthedonis
796 767 893 846 lilius,
926 767 979 856 qui
1001 776 1172 835 extractam

64 854 130 918 inari
154 853 302 942 praedam
332 858 362 921 in
391 858 482 923 litore
506 857 644 947 projecit.
687 857 798 923 Pisces
820 851 990 921 herbarum
1013 863 1099 922 tactu
1123 869 1195 918 reo

63 939 194 1006 vixerunt.
237 939 390 1010 intellexit
413 942 571 1021 Glaucus,
592 942 676 1010 hanc
695 941 816 1007 illorum
838 939 1015 1028 graminum
1029 954 1172 1007 naturam

62 1048 135 1104 csse,
157 1038 190 1092 ut
207 1026 397 1114 immortales
420 1023 640 1106 efficerentur,
667 1028 720 1114 qui
742 1026 785 1092 de
805 1027 841 1092 iis
865 1034 1057 1113 gustassent.
1108 1024 1172 1088 Ita-

62 1131 112 1192 que
139 1111 237 1178 avellit
268 1124 299 1179 et
328 1113 475 1200 gustarit
525 1113 598 1188 Quo
628 1113 730 1190 lacto,
762 1123 867 1178 mente
896 1110 1048 1177 alienatus
1074 1131 1110 1172 se
1132 1117 1177 1174 ex'

64 1193 111 1260 alto
135 1197 163 1261 in
191 1197 325 1285 pelagus
352 1199 574 1286 praecipitavit.
616 1198 671 1264 Sic
697 1195 841 1286 deposito
865 1198 1001 1264 humano
1025 1214 1169 1281 corpore,

49 1278 88 1352 'lt
105 1283 248 1350 marinum
269 1283 362 1351 deum
380 1285 510 1372 fingitur
532 1306 640 1350 versus
663 1306 741 1350 esse.
800 1333 803 1340 »
1066 1363 1072 1378 ⁸
1110 1355 1113 1362 ,
1179 1303 1211 1354 to

426 1475 518 1551 aas.
572 1476 779 1578 sayna.
870 1525 873 1538 .

128 1605 248 1696 Scylla,
276 1604 397 1672 Phorci
425 1617 457 1672 et
485 1603 662 1672 crataeidis
690 1602 859 1692 Nymphae
883 1602 945 1690 fllia
968 1602 1033 1670 tute
1075 1603 1171 1669 Hanc

64 1690 155 1756 ornarit
181 1692 341 1770 Glaucus,
373 1690 640 1770 marinusdeus,
672 1688 864 1756 Anthedonis
887 1689 990 1768 -filius,
1024 1711 1044 1754 a
1073 1690 1170 1754 Circe
1196 1713 1198 1730 ¹

60 1785 168 1842 arnatus.
209 1778 257 1842 att
277 1775 423 1864 quoniam
447 1776 576 1863 pronior
595 1775 626 1841 iu
650 1775 787 1864 Scyllam
804 1774 930 1854 luerat,
964 1775 1043 1842 irata
1072 1776 1168 1840 Circe

60 1854 173 1940 l'cutcm,
197 1862 228 1928 in
254 1884 316 1950 quo
338 1862 388 1927 illa
410 1875 579 1930 consuerat
597 1883 712 1949 corpus
734 1859 882 1937 abluere,
902 1859 1012 1926 infecit
1033 1860 1210 1932 veneniste

56 1939 85 2005 ln
104 1967 188 2031 quem
207 1947 259 2014 illu
302 1970 376 2014 uum
397 1947 631 2025 descendisset,
659 1947 854 2034 pubetenus
875 1947 906 2012 in
930 1946 1028 2012 varias
1050 1956 1171 2014 nrutata

56 2040 97 2093 est
131 2037 254 2101 ormam
319 2055 428 2100 orrens
453 2034 550 2121 igitur
571 2032 772 2100 deformitate
794 2053 868 2110 sua,
898 2053 933 2096 se
955 2029 1172 2118 praecipitavit
1238 2087 1240 2096 ,
1278 2032 1282 2056 ”

54 2111 82 2172 iu
106 2134 192 2182 mare.
232 2117 329 2186 Hauc
360 2125 470 2206 postea
494 2119 635 2186 Glaucus
660 2117 736 2182 lecit
756 2117 908 2182 marinam
930 2114 1032 2182 deam.
1076 2117 1170 2182 [laec
1227 2119 1231 2123 ’

55 2193 172 2264 classem
195 2200 294 2268 Ulixis
322 2225 395 2269 cum
424 2205 518 2275 sociis
549 2204 616 2292 ejus
638 2200 788 2267 evertisse
810 2211 963 2286 narratur.
985 2226 987 2230 ’
1007 2202 1168 2264 Homerus

54 2280 127 2344 hanc
144 2283 308 2354 immortale
329 2303 502 2357 monstrum
519 2291 640 2367 luisse,
674 2285 828 2352 Salustius
855 2307 965 2352 saxum
988 2307 1058 2350 esse
1080 2284 1166 2362 dicit,
1174 2312 1211 2361 ρο

49 2364 142 2430 simile
170 2369 281 2438 formae
310 2375 490 2450 celebratae
521 2373 629 2462 procul
659 2372 837 2438 visentibus.
894 2371 1000 2436 Canes
1029 2393 1104 2436 vero
1135 2384 1168 2438 ct
1248 2395 1254 2411 ³

46 2450 103 2537 lupi
126 2454 165 2517 ob
185 2455 246 2523 hoc
267 2481 303 2525 ex
319 2482 363 2547 ‚ea
385 2463 449 2540 nati
472 2485 543 2528 esse
569 2461 749 2544 linguntur,
776 2454 851 2542 quia
878 2456 948 2543 ipsa
977 2456 1046 2523 loca
1077 2455 1168 2544 plena

46 2548 112 2604 sunt
138 2538 280 2608 monstris
309 2545 470 2626 mannis,=
489 2559 521 2616 et
551 2567 701 2614 saxorum
730 2541 882 2630 asperitas
908 2541 969 2610 ilirc
997 2541 1167 2618 bestiarum

43 2623 171 2692 imitator
192 2627 333 2698 latratus.
910 2661 912 2665 ·

222 2783 225 2792 ⁴
344 2817 871 2931 ⁴trocnaryaara'
1052 2787 1053 2794 ‘
1156 2783 1215 2892 ⁴2⁵·
1326 2860 1329 2868 ,

112 2951 291 3043 Charybdis
331 2963 435 3018 autem
470 2951 586 3032 semina
618 2952 677 3018 luit
706 2949 925 3018 ferocissima'
966 2949 1059 3032 Quae
1090 2955 1163 3042 quia

37 3035 123 3103 boves
145 3038 296 3106 Herculis
317 3038 438 3123 rapuit,
464 3036 624 3104 fulminata
646 3047 696 3102 est
716 3059 735 3102 a
755 3037 837 3102 Jove
858 3048 890 3105 et
907 3038 942 3104 ‘ia
958 3043 1057 3106 maria
1069 3062 1162 3126 prae-

33 3119 165 3208 cipitata·
201 3121 302 3192 Unde
323 3124 430 3190 adhuc
449 3136 592 3189 naturum
615 3123 775 3210 pristinam
798 3134 912 3189 serrat.
946 3125 1030 3192 Nam
1052 3127 1162 3191 sorbet
1212 3173 1213 3176 ,

32 3208 183 3361 unirersp,
216 3223 252 3278 ct
272 3207 447 3278 secundum
474 3209 646 3276 Salustium
673 3231 712 3274 ea
734 3208 835 3280 circa¹
854 3209 1159 3278 Tauromenitanum

30 3293 125 3378 egerit
158 3296 229 3364 itus.
388 3321 407 3366 ’,
1164 3311 1201 3361 ao
1273 3335 1276 3344 ,

61 3525 68 3538 ν
189 3467 284 3559 171.
338 3481 569 3584 Tyrrheni
605 3490 649 3554 et
680 3478 820 3556 Liber
849 3496 1012 3582 pateas
1078 3438 1083 3447 Δ
1157 3498 1161 3505 “

101 3607 400 3700 Τγττίιθηίωειιηαε
420 3607 572 3674 Liberum
596 3618 719 3696 patrem
740 3631 875 3696 puerum
897 3609 1103 3676 dormientem
1126 3607 1157 3672 in
1269 3671 1276 3690 ,

25 3683 106 3759 litore
135 3695 346 3764 abstulerunt.
398 3693 462 3770 Qui
493 3715 590 3782 quum
618 3705 703 3760 esset
734 3697 980 3785 expergefactus
1014 3693 1045 3767 in
1075 3693 1155 3772 navi,
1260 3696 1263 3706 '

25 3793 80 3854 erto
109 3779 318 3860 duceretur,
346 3801 384 3850 ro
410 3778 480 3844 avit.
524 3780 774 3865 Responderunt
800 3781 870 3864 illis
897 3781 972 3865 Quo
994 3775 1154 3842 colueris.

24 3853 112 3928 Liber
140 3865 289 3952 rogavit,
318 3875 352 3930 ut
378 3801 503 3930 Saxum
532 3863 665 3940 insulam
690 3887 725 3930 se
748 3877 959 3932 transvectum
981 3861 1196 3936 nutricibusso

20 3945 186 4019 redderent
214 3948 379 4038 Nymphis.
421 3948 468 4013 llli
487 3971 546 4034 spe
565 3948 706 4050 praedae
724 3948 861 4028 inducti,
892 3961 1066 4034 coeperunt
1092 3948 1152 4014 alio

19 4029 77 4096 reia
104 4035 254 4101 flectere.
317 4034 543 4108 Quamobrem*
564 4051 681 4100 ararum
711 4049 825 4098 numen
853 4033 987 4120 tigrides
1013 4033 1073 4101 sibi
1101 4057 1152 4102 sa-
1241 4061 1249 4087 ·‘
1298 4053 1305 4079 Ι
1350 4039 1352 4098 ζ

19 4127 113 4188 cretas
145 4119 266 4185 risibus
295 4142 409 4184 eorum
437 4117 569 4207 objecit:
602 4142 665 4206 quc
697 4128 820 4184 terrore
848 4141 886 4185 se
901 4117 948 4184 -illi
979 4121 1152 4189 intinctus

19 4197 129 4270 dedere
153 4205 363 4295 praecipites,
392 4215 424 4270 et
445 4203 525 4271 lacti.
540 4217 614 4276 suot
635 4201 780 4296 delphini.
829 4243 833 4250 1
