2786 4800
1 4123 3 4186 i

120 159 177 238 24
404 254 408 266 ¹
437 159 618 263 Mythogr.
646 161 680 234 l.
705 197 707 204 v
736 148 791 232 '70
804 197 854 216 -
872 153 941 234 75.

517 300 585 421 ro.
638 345 862 423 cranaos.

207 473 358 544 Evander
379 495 479 566 nepos
499 473 668 558 Pallantis,
697 472 783 560 regis
803 463 976 552 Affadlae,
1006 470 1073 538 luit
1114 469 1181 540 Hic
1200 491 1260 560 pa·
1383 484 1384 487 ’

123 573 204 632 trem
230 584 322 630 suum
350 561 475 630 occidit
534 561 580 629 Bt
613 568 714 629 matre
741 557 896 629 suadente
929 555 1131 638 Nicostrata,
1195 579 1257 624 uae

123 659 235 738 postea
262 648 443 730 Carmentis
471 645 647 729 diota-‚esc
681 642 818 734 expulsis
839 641 998 710 veteribus
1020 641 1157 722 colonis,
1172 581 1258 709 ioca

99 733 275 811 ⁵ohtinuit,
308 733 360 799 ubi
388 743 500 821 postea
529 731 636 800 Roma
663 741 845 797 constructa
870 739 934 796 ert:
966 738 999 794 et
1019 729 1177 795 modicum
1200 751 1259 818 op-

27 883 30 889 ,
145 817 232 884 rdum
263 816 403 885 tunmvtr
432 819 464 888 iu
496 828 605 886 monte
629 816 815 897 Pallanteo,
857 813 911 902 qui
948 834 1064 882 nomen
1091 813 1204 884 ,habuit
1236 835 1258 880 a

27 953 29 962 ,
123 843 286 986 l'allante,
316 925 435 992 proavo
456 901 607 972 Evandri.
685 979 689 1000 f
1088 915 1092 926 ’

245 1089 311 1166 ll.
365 1091 694 1196 Bellerophon,
734 1092 888 1194 qniot
922 1093 1133 1178 Perseus,
1221 1069 1225 1074 ¹

208 1217 439 1310 Bellerophon,
470 1219 525 1308 qui
544 1230 578 1288 et
597 1220 757 1302 Perseus,
784 1219 899 1288 Glauci
919 1220 1018 1300 filius,
1046 1237 1143 1371 paam
1164 1215 1257 1306 lgna-
1357 1299 1365 1304 ,

83 1322 179 1374 lorus
200 1305 243 1373 ad
262 1306 417 1410 Prpetum
437 1305 470 1410 ip
492 1307 663 1458 hospitium
690 1307 842 1389 vantome,
875 1317 909 1376 et
939 1327 1020 1410 uror
1078 1303 1158 1373 roeti
1184 1305 1257 1372 Sta

124 1394 267 1474 coboea,
294 1415 361 1460 srva
388 1395 498 1469 Antra,
515 1391 611 1460 frium
637 1404 775 1476 amaret,
804 1413 866 1460 neo
886 1393 927 1459 ab
946 1415 989 1460 eo
1010 1402 1179 1481 impetrare
1198 1413 1258 1479 po-

7 1537 10 1548 ,
123 1475 250 1558 tuimet,
280 1488 315 1546 ut
335 1499 445 1546 secum
467 1479 713 1562 concumberet,
743 1480 875 1547 mentita
895 1488 945 1546 est
964 1475 1050 1566 apud
1071 1477 1188 1560 virum,
1215 1476 1265 1543 ab.

124 1587 164 1630 eo
196 1587 232 1629 se
260 1562 453 1652 compulsam
482 1586 541 1652 pro
570 1575 682 1653 stupro
713 1566 821 1632 fuisse.
869 1564 1008 1634 Proetus
1035 1583 1110 1644 voro
1136 1560 1177 1628 ad
1203 1561 1257 1628 lo·

124 1651 230 1715 butero
248 1671 394 1717 socerum
407 1671 498 1736 suum
513 1649 596 1719 misit
609 1671 699 1731 eum3
720 1663 754 1718 et
774 1649 817 1716 de
838 1648 951 1716 eadem
974 1672 1010 1715 re
1022 1646 1258 1735 Bellerophonti

82 1747 117 1796 lo
126 1733 214 1802 dedit
232 1735 356 1806 tabulas
375 1733 584 1822 perferendas
604 1758 737 1804 socero:
757 1735 871 1820 quihus
888 1733 1059 1814 dialectis,
1079 1733 1258 1800 interficere

14 1853 16 1856 ·
123 1819 217 1888 talem
239 1819 365 1892 volebat
387 1820 495 1888 virum.
537 1819 607 1893 Sed
636 1843 734 1911 quum
758 1821 809 1887 ille
837 1819 1005 1971 prudentia
1026 1841 1085 1886 sua
1108 1831 1142 1886 et
1163 1817 1257 1886 casti-

122 1905 195 1974 tatis
226 1905 341 1972 auxilio
372 1927 408 1972 se
440 1907 481 1971 ab
512 1906 639 1978 instanti
674 1906 815 1996 periculo
855 1907 1027 1985 iherusset‚
1066 1915 1190 1984 tamen,
1220 1915 1257 1972 ut

123 1990 305 2080 pudicitiam
344 1990 475 2079 periculi
512 1994 665 2081 probaret
690 1992 883 2071 immanitas,
927 1988 970 2058 ad
1006 1988 1269 2088 interficiendam,
1350 2069 1356 2081 ,

125 2077 327 2146 Chimaeram
363 2076 476 2144 missus
508 2091 574 2157 est,
617 2099 714 2166 quam
739 2076 883 2166 Pegaso
911 2075 1042 2166 juvante
1103 2077 1257 2143 rostrarit.

80 2169 118 2218 2⁰
126 2161 242 2228 Denuo
264 2186 335 2230 eum
359 2161 458 2243 misit,
488 2174 523 2231 ut
550 2161 733 2254 Calydonos
756 2161 904 2230 vinceret
945 2162 1052 2230 Etiam
1066 2097 1141 2228 'illos
1159 2183 1257 2249 quum

123 2249 266 2327 vicisset,
298 2247 465 2314 novissime
494 2249 622 2317 Iobates
651 2249 799 2350 agnovit,
840 2269 923 2336 quae
948 2248 1006 2314 sibi
1028 2245 1138 2314 suisset
1159 2269 1257 2315 causa

122 2343 212 2404 ta'nta
238 2334 319 2402 mala
349 2332 507 2422 patiendi3
548 2333 695 2416 crimina,
733 2333 868 2422 quaein
893 2331 1128 2401 eumconiicta
1157 2343 1257 2413 erant,

71 2474 75 2478 .
109 2419 276 2500 ‘abolevitt
311 2418 425 2486 virtute
455 2441 583 2510 quoque
615 2419 785 2505 magnifice
815 2417 1010 2497 collaudata,
1041 2419 1136 2488 tiliam
1165 2440 1255 2484 suam

123 2504 305 2571 Alcimeneu
331 2503 418 2570 dedit
440 2503 470 2570 ei
490 2527 631 2574 uxorem.
681 2507 723 2575 At
750 2505 953 2580 Stenoboea,
982 2524 1066 2592 quae
1093 2517 1126 2574 et
1154 2503 1255 2586 Antia,

65 2589 161 2658 ‘aare
188 2589 334 2676 cognita,
363 2589 491 2678 propria
509 2613 604 2658 manu
625 2589 750 2659 interiit.

509 2780 575 2857 72.
630 2782 885 2860 Chimaera.

209 2907 381 2976 Chimaera
410 2921 585 2980 monstrum
613 2911 762 2978 Chironis
790 2922 824 2979 et
849 2905 1082 2979 Achemenidae
1102 2905 1164 2974 tilia
1188 2903 1256 2986 luit,

116 2995 215 3084 lcujus
244 2993 354 3085 triplex
386 2993 501 3062 dicitur
530 2995 648 3063 forma·
683 2998 797 3088 prima*
815 3019 950 3086 namque
982 2994 1079 3060 leonis
1106 2993 1259 3060 horrebat
1307 3015 1310 3025 ·

125 3081 225 3158 sacie;
268 3079 372 3146 media
400 3102 533 3183 caprae;
570 3049 674 3150 cauda
710 3084 890 3150 minabatur
922 3081 1116 3150 draconem..
1163 3079 1259 3152 Haec

82 3186 221 3255 acquum
250 3166 282 3230 lu
310 3165 413 3255 Lycia
435 3178 526 3257 Juxta
548 3167 734 3256 Gargarum
758 3181 898 3235 montem
914 3165 1123 3319 popularetur
1144 3173 1257 3243 terras,

98 3275 145 3318 *a
172 3251 417 3340 Bellerophonte
448 3251 616 3320 interfecta
647 3265 704 3320 est
748 3252 885 3330 Quidam
946 3253 1118 3334 tumueram
1147 3248 1258 3315 dicunt

123 3337 338 3415 conanimi,
369 3335 426 3404 sed
454 3349 592 3406 montem
613 3336 757 3428 Lyciae,
786 3336 973 3426 quibusdam
996 3336 1073 3402 locis
1089 3334 1202 3408 'leones
1224 3345 1258 3402 et

124 3445 236 3510 capras
258 3423 467 3503 nutrientem,
486 3423 675 3511 quibusdam
699 3422 880 3510 ardentem¹
911 3419 1099 3512 quibusdam
1128 3420 1258 3509 plenum

124 3511 332 3661 sprppptibus.
386 3509 724 3664 HunpsBellprophon
753 3509 955 3581 habitabilem
983 3505 1139 3587 reddidit3
1172 3504 1259 3574 unde

81 3615 143 3664 auc
230 3617 380 3664 rruaeram
401 3615 472 3661 occr
496 3617 559 3662 isse
601 3619 641 3663 ror
657 3617 703 3664 ur.

526 3795 593 3870 75.
646 3797 856 3872 Perseus.

207 3920 349 3989 Perseus
378 3947 437 4012 per
463 3924 661 4012 Aethiopiam
688 3921 909 4004 iterfaciens,
940 3933 1107 4012 postquam
1135 3920 1259 4010 hadro-

123 4001 250 4076 tuedam
268 4017 405 4095 propter
425 4011 605 4099 superbiam
627 4009 756 4087 matris,
786 4029 870 4096 quae
891 4031 927 4076 se
949 4009 1169 4099 Nympharum
1190 4009 1259 4099 pul-

126 4090 294 4159 chritudini
326 4094 533 4195 praetulerat,
563 4115 652 4162 saxo
667 4091 819 4195 illigatam
847 4115 887 4160 ao
907 4097 1048 4162 marinae
1067 4096 1261 4164 betuseroo-

84 4178 240 4268 dejectam
275 4176 367 4260 vidit,
406 4193 519 4269 captus
552 4176 660 4278 specie
692 4201 759 4270 epus
795 4180 927 4262 exarsit3
959 4193 1151 4270 pactusque
1171 4192 1263 4250 eata
