2698 4804
72 281 78 288 ,
135 161 140 174 “
189 197 276 275 aaa
391 195 626 298 ,nynogn
655 199 728 272 111.
781 146 851 273 aa.
892 137 1072 276 ‘aL-ra.
1156 243 1159 250 .

190 331 201 362 ,
884 331 889 344 ,

190 399 289 468 quum
311 376 359 446 sol
379 375 481 444 estin
502 385 594 464 perte
624 375 704 445 illius
733 377 836 466 signi,
868 379 985 470 pungit
1014 379 1130 469 frigam
1155 398 1224 448 nam
1242 379 1293 467 pri-

190 489 278 534 mum
301 465 403 551 frigus
424 465 527 550 magis
563 464 709 554 nocivum
733 477 790 532 est
1000 481 1016 496 “
1147 488 1149 492 ·
1332 489 1333 492 ’

276 551 309 616 9.
352 549 494 628 Chiron,
530 549 669 637 optimus
699 549 900 638 sagittarius,
940 551 1091 640 magister
1125 550 1241 618 Achillis
1270 557 1295 616 et

191 636 328 702 nutritor
348 634 544 724 Aesculapii,
564 635 607 701 oh
629 637 823 725 scorpionis,
855 635 981 726 dequo
1004 638 1127 707 dictum·
1141 649 1188 706 est
1206 655 1294 722 supra,
1332 633 1333 658 ²

166 721 428 806 csagittationem
450 719 550 797 et'tilii
571 719 621 787 sui
643 719 862 788 liberationem
882 725 1052 792 haeslatus
1068 734 1116 789 est
1124 721 1154 787 iu
1174 721 1295 796 caelum3

191 819 225 882 et
237 829 276 872 ex
288 829 328 871 eo
340 807 461 872 sactum
471 817 521 873 est
529 804 668 892 signum,
680 807 767 894 quod
777 807 897 873 dicitur
912 809 1115 894 Sagittarius.
1137 807 1296 874 Soldicitur
1332 865 1333 868 ,

190 915 264 958 esse
285 892 318 957 in
339 893 365 959 S
410 891 527 972 iterio,
546 891 624 978 quia
643 892 726 960 sicut
748 915 788 958 ex
809 897 1092 964 areu=emittuutur
1104 895 1243 980 sagittae,
1260 889 1296 956 sic
1332 939 1333 978 3

190 977 357 1130 quunposol
370 976 521 1132 Separpplt
538 976 1165 1134 peplppltsushsipnurpppiytes*emittuntur
1178 981 1215 1044 nb
1224 983 1301 1128 pepp.

83 1218 86 1227 s
148 1148 293 1232 tumide,
315 1086 590 1300 ppodahhhitdius
611 1161 698 1215 esset
712 1086 833 1229 hiih'm,
854 1087 1297 1238 ipihniudsieihghdseipulsu·

112 1291 114 1306 .
189 1255 270 1302 rum.
347 1233 410 1300 nde
431 1231 509 1302 dixit
529 1233 646 1299 Rheae
666 1235 818 1322 sive'0pi
842 1238 946 1303 sorori
966 1250 1000 1306 et
1014 1239 1105 1305 uxori
1124 1257 1207 1312 suae,
1226 1229 1297 1321 quod
1332 1261 1333 1316 3

75 1377 80 1388 .
190 1319 342 1410 quicquid
364 1329 509 1407 pareret,
538 1318 598 1386 sihi
617 1318 719 1387 daret
761 1320 872 1386 Primo
895 1343 978 1410 ergo
999 1322 1129 1391 tradidit
1147 1322 1176 1388 ei
1192 1319 1298 1406 Neptu·
1332 1321 1333 1342 ¹

162 1428 165 1434 ·
190 1430 285 1486 num,
317 1429 412 1493 quem
432 1405 465 1470 in
485 1407 574 1472 share
594 1405 781 1484 submersit,
812 1407 971 1478 etlactus
994 1421 1045 1477 est
1073 1406 1297 1479 deus‘marinos.

106 1511 110 1530 ¹
192 1491 346 1560 Secundo
367 1489 458 1556 dedit
479 1491 507 1556 ei
532 1489 719 1571 Plutonem,
772 1511 844 1556 uem
867 1494 899 1558 in
923 1493 1050 1562 foveam
1071 1492 1245 1572 suffocarit,
1275 1497 1298 1551 el

149 1580 296 1646 soleatus
324 1588 373 1644 est
400 1572 481 1642 deus
508 1575 692 1644 interorum.
740 1575 890 1644 'landem
919 1593 994 1649 nato
1019 1581 1103 1647 Jove
1130 1581 1223 1646 mirae
1246 1572 1297 1662 pul·
1318 1603 1333 1684 p

191 1661 395 1741 chritudinis,
428 1661 527 1749 ipsius
557 1660 706 1744 miserta,
742 1663 826 1738 misit
852 1665 995 1732 Saturno
1023 1666 1054 1733 la
1077 1666 1174 1733 idem,
1197 1659 1298 1728 nomine
1332 1687 1333 1704 π

189 1748 326 1825 alsidir,
362 1753 459 1836 quem
491 1743 690 1833 pulveratum
731 1746 901 1818 devoravit:
954 1751 1040 1817 Dein
1066 1775 1086 1818 e
1121 1761 1243 1838 egestus
1272 1753 1299 1807 el
1332 1769 1333 1776 ¹

192 1835 348 1900 formatus
389 1842 439 1898 est
468 1830 499 1898 in
532 1832 672 1920 speciem
702 1831 877 1909 humanam
908 1847 942 1902 et
968 1837 1156 1906 vivificatus.
1208 1835 1299 1900 Joven
1332 1863 1333 1902 t

191 1940 267 1986 vero
288 1914 542 1988 mater·tradidit
563 1915 691 1984 cuidam
711 1916 826 2006 lupae,
867 1915 952 2009 quae
972 1921 1073 2010 quum
1097 1945 1161 1988 non
1181 1915 1299 1988 abunda·
1332 1917 1333 1990 ἴ

147 2016 242 2073 soret
258 2003 378 2094 stacte,
417 2003 545 2075 nutrivit
582 2002 688 2092 ipsum
725 2005 890 2074 Amalthea
931 2029 1040 2096 capra.
1096 2010 1159 2092 Qui
1196 2002 1298 2071 adultus

193 2091 366 2174 Saturnum
398 2086 441 2157 de
457 2109 580 2176 -regno
610 2085 751 2177 expulit,
793 2102 829 2158 ut
856 2092 889 2157 in
920 2091 981 2158 aha
1010 2107 1101 2182 patet
1135 2091 1248 2169 fabum
1276 2095 1299 2150 et
1332 2141 1333 2162 i

192 2176 388 2252 Amaltheam
426 2196 573 2262 capram,
621 2197 716 2266 quae*
744 2176 849 2263 ipsum
896 2179 1091 2260 nutriverat,
1126 2181 1160 2246 iu
1200 2173 1298 2264 caelum
1332 2165 1333 2220 l

190 2261 368 2342 transtulit,
391 2271 424 2326 et
445 2281 546 2338 exea
568 2260 689 2328 lactum
711 2273 762 2328 est
780 2262 928 2348 signum,
962 2265 1052 2353 quod
1071 2261 1188 2333 dicitur
1207 2257 1299 2347 (lapri-
1332 2243 1333 2300 l

62 2379 73 2396 ·
191 2366 317 2415 cornus.
361 2346 419 2414 Sol
440 2345 557 2420 dicitur
591 2345 663 2414 ess'e
678 2347 727 2412 ‘iu
749 2348 967 2434 Capricorno,
1031 2351 1084 2418 uia
1113 2354 1196 2421 sicut
1224 2363 1300 2432 capra
1332 2369 1333 2416 i

147 2449 183 2500 ao
191 2435 271 2522 petit
291 2434 370 2513 alta,
390 2433 435 2500 ita
456 2431 504 2498 sol
527 2504 530 2508 ,
551 2453 625 2498 uum
647 2443 697 2498 est
721 2432 880 2499 in‘medio
903 2434 982 2501 illius
1004 2439 1110 2525 signi,
1142 2457 1234 2526 quum
1251 2447 1300 2497 nou
1332 2426 1333 2488 l

109 2591 114 2604 κ
189 2521 292 2610 possit
312 2521 380 2607 plus
405 2454 621 2595 descendere,
641 2527 720 2583 tunc
739 2518 848 2604 incipit
866 2519 1053 2590 ascendere.
1096 2538 1123 2590 η
1237 2565 1239 2570 -
1332 2523 1333 2598 ᾗ

205 2661 209 2667 .
277 2608 328 2671 ll.
372 2600 595 2691 Ganymedes,
615 2601 697 2669 filius
712 2603 812 2669 'Proili
837 2605 922 2692 regis
940 2605 1064 2696 'l'rojae
1086 2603 1301 2695 pulcherrimos,
1332 2599 1333 2692 l

190 2702 225 2757 et
245 2701 376 2758 venator
402 2687 556 2777 optimus,
591 2685 774 2754 dilectus'a
801 2691 900 2771 Jove,
935 2705 1047 2780 raptus
1079 2704 1130 2761 est
1157 2693 1197 2758 ah
1224 2711 1256 2754 eo
1279 2683 1302 2746 iu
1332 2713 1333 2770 p

190 2775 251 2843 lda
273 2775 347 2842 silva
369 2797 427 2866 per
449 2772 603 2861 aquilam,
624 2773 765 2840 nuntiam
785 2775 891 2853 lovis,
921 2776 953 2841 in
973 2799 1075 2864 quam
1098 2769 1301 2860 sertur'Juppl·
1332 2807 1333 2870 p

145 2874 240 2927 aoter
260 2873 338 2933 tunc
358 2869 508 2927 routatus.
551 2857 678 2924 Deinde
700 2856 834 2946 depulsa
854 2861 967 2942 Hebe,
997 2864 1063 2930 filia
1082 2864 1233 2940 Junonis,
1258 2857 1303 2922 dea
1332 2887 1333 2946 χ

182 2947 367 3038 juventutis,
384 2957 467 3035 quae
482 2943 567 3031 prius
589 2945 822 3032 eratpincerna
835 2945 979 3026 deorum,
1000 2950 1209 3039 Ganymedes
1222 2947 1302 3038 lactus
1332 2949 1333 3006 l

126 3061 127 3066 ¹
188 3044 239 3099 est
260 3033 411 3121 pincerna
430 3031 538 3110 lovis,
564 3031 617 3117 qui
650 3041 783 3118 propter
802 3034 941 3118 gratiam
956 3035 1191 3122 propinationis
1211 3032 1303 3098 merut

126 3157 137 3166 —
187 3119 257 3184 lieri
270 3117 406 3206 ‘signum
427 3115 582 3202 caeleste„
600 3113 690 3203 ¹quod
711 3118 866 3202 Aquarius
884 3118 1008 3188 dicitur.
1051 3121 1099 3188 Et
1119 3121 1233 3188 dicitur
1250 3113 1303 3181 ideo

125 3227 127 3234 '
186 3216 319 3292 gestare
343 3211 457 3294 urnam
490 3201 523 3267 in
550 3222 647 3266 manu
672 3214 803 3288 propter
835 3204 986 3291 temporis
1014 3209 1248 3294 proprietatem.

17 3361 20 3368 ,
121 3306 182 3378 aa
247 3289 327 3364 ,12
370 3288 560 3356 Irmninente
591 3287 756 3373 Giganteo
792 3287 890 3366 hello,
924 3290 1034 3358 Venus
1062 3315 1142 3359 cum
1171 3284 1306 3378 Cupidine

189 3373 337 3443 filiosuo
365 3375 398 3440 in
424 3370 606 3440 Palaestina
634 3373 941 3457 regione-sedebat]
970 3378 1068 3464 super
1101 3379 1195 3446 litore
1222 3367 1304 3442 maris.
1332 3397 1333 3456 3

82 3535 86 3544 ,
188 3459 287 3528 Unde
307 3479 405 3550 quum
424 3458 551 3526 audiret
569 3453 739 3525 tumultum
760 3458 861 3538 belli,
879 3457 1034 3529 credebat
1058 3463 1253 3554 'I'yphoeum
1271 3475 1306 3554 so·
1332 3479 1333 3540 3

183 3549 299 3636 quise
318 3556 502 3635 rapturum
539 3555 572 3611 et
605 3541 680 3608 ideo
710 3544 752 3609 oh
780 3544 909 3611 nimium
940 3548 1087 3615 timorem
1110 3574 1149 3618 se
1171 3571 1242 3616 cum
1260 3540 1333 3607 fihnl

187 3633 322 3723 projecit
341 3633 374 3702 iu
396 3650 494 3706 mare.
545 3629 621 3696 Duo
643 3638 750 3697 autem
773 3631 876 3718 pisces
903 3628 1081 3710 immensae
1099 3624 1307 3723 magnitudinis

144 3730 403 3813 tosupponentes
423 3717 575 3784 humeros
602 3716 695 3791 suos,
737 3712 820 3783 ultra
857 3723 946 3783 mare
973 3711 1116 3806 tulerint
1156 3745 1221 3788 eos.
1270 3707 1309 3808 llll

133 3877 134 3886 χ
185 3819 294 3872 autem
314 3805 455 3871 videntes
477 3818 589 3868 eorum
611 3800 742 3888 sugam,
773 3800 815 3892 ad
839 3801 1092 3890 designationem
1126 3805 1222 3902 liujus
1241 3801 1333 3888 saeui}

186 3913 243 3956 eos
265 3891 370 3979 pisces
390 3891 422 3956 iu
439 3887 568 3955 *caelum
588 3885 833 3969 transtulerunt3
863 3901 896 3956 et
909 3911 955 3956 ex
973 3890 1159 3974 iis‘l'actum
1193 3901 1241 3958 est
1259 3886 1309 3968 sig·
1332 3937 1333 3940 ,

15 3985 45 3998 “’
128 3984 143 4066 ,'
186 3997 278 4055 num,
311 3973 399 4066 q'uod
427 3973 543 4040 dicitur
578 3971 700 4039 Pisces
753 3969 810 4041 Sol
840 3972 955 4043 dicitur
980 3998 1052 4046 esse
1080 3976 1114 4040 in
1134 3974 1269 4065 Aquario
1287 3961 1333 4028 etl

82 4081 85 4087 ·
174 4060 334 4135 ,Piscibus
354 4072 485 4150 propter
516 4057 754 4147 proprietatem.
809 4060 907 4127 'I'unc
939 4062 1021 4128 enim
1050 4061 1174 4132 multae
1209 4057 1333 4144 cadunt1

141 4167 290 4231 osaquao
317 4157 351 4216 et
383 4149 478 4214 nives.
539 4143 625 4212 Nam
641 4199 645 4204 .,
659 4144 808 4232 aquarius
842 4157 949 4236 portat
979 4160 1113 4230 umam,
1157 4159 1192 4233 et
1207 4177 1211 4186 ⁴
1225 4147 1333 4235 pisces,

15 4251 19 4324 i
118 4307 122 4316 ‚
185 4251 313 4318 semper
329 4241 405 4298 sunt
425 4232 457 4298 iu
477 4231 582 4319 aquis.
1145 4263 1151 4278 ¹
