2716 4794
199 175 229 248 .‘
286 163 293 278 j
338 167 618 277 uptam.
672 175 714 250 r.
760 171 927 304 afa·
1038 119 1049 265 ’,
1118 175 1199 259 rar

83 325 220 450 ⁸lingitur
245 354 354 438 etlam,
393 361 480 450 quod
502 328 682 446 ‘praeaadat
712 361 797 429 Juna
823 313 983 434 Venerem
997 363 1042 430 ba
1072 357 1224 458 nuptiis,

97 448 153 535 qaia
171 459 242 544 anta
255 458 305 514 ast
323 449 459 516 lunonis
480 447 625 514 allidam
644 449 677 514 in
698 448 916 538 matrimonio,
944 461 1019 539 post
1047 450 1081 517 ln
1111 452 1198 522 coitu

97 553 323 600 usosreneraus.
516 573 517 578 κ
782 573 789 584 -
940 587 942 597 .

158 619 184 683 b
223 620 330 696 Haeo,
357 631 392 688 ut
422 618 466 686 ait
490 616 703 705 Fulgentius,
733 613 807 685 ldao
835 619 868 686 ia
891 618 1033 692 tenerae
1054 623 1203 703 Aeolum,¹

91 719 185 787 regem
221 715 383 772 ventorum
416 704 512 792 petit,
558 715 595 772 ut
628 701 777 792 'I’rojanis
807 704 1009 793 naufragium
1028 707 1220 796 importata

89 789 166 875 eique
186 787 345 878 Dalopeae
374 789 560 878 conjugium
587 787 742 879 spondet,
781 789 855 877 quia
886 791 1091 878 naufragium
1120 793 1196 860 illud

88 872 114 936 iu
138 873 256 940 modam
276 875 404 978 ponitur
424 873 831 965 periculosaemativitatis,
864 874 897 942 in
925 899 989 965 qua
1018 888 1060 945 et·
1078 890 1197 946 mater-

87 978 150 1024 num
164 960 361 1050 estparaendi
376 960 594 1049 dispendium,
616 972 650 1028 et
668 957 823 1056 infantum
844 963 994 1030 nascendi
1012 963 1196 1050 periculum.
1264 961 1277 980 *
1321 979 1325 987 “

88 1043 166 1118 Quod
190 1058 223 1114 ut
249 1047 410 1114 evidenter
438 1046 613 1132 inteiligas,
648 1046 816 1113 aJunone
844 1047 972 1135 quidem
1001 1057 1050 1114 est
1072 1061 1195 1136 partus,

88 1127 135 1194 sad
152 1131 189 1197 ad
209 1129 410 1219 naufragium
430 1144 626 1220 generatur,
645 1131 729 1198 Nam
750 1132 883 1200 Aeolum
902 1132 1047 1200 immittit.
1077 1135 1240 1204 Aeolnsto

89 1225 173 1284 auum
199 1220 289 1306 quasi
315 1213 483 1294 Αἰωνελὸς
511 1215 643 1281 saeculi
670 1216 836 1283 interitus
871 1219 1104 1308 interpretatur.
1154 1221 1193 1288 ln

91 1297 134 1364 ltao
149 1304 224 1370 enim
244 1305 437 1372 neoessltate
459 1291 673 1368 universaliter
690 1303 864 1384 humanum
888 1325 992 1392 genus
1013 1303 1191 1377 involvitur.

93 1381 207 1475 lienique
235 1403 267 1458 at
299 1389 396 1456 Aeolo
423 1387 602 1476 Deiopeaun
629 1387 803 1474 promittit;
835 1389 942 1476 δῆμος
962 1390 1044 1456 enim
1064 1392 1193 1458 Graeca

28 1535 32 1554 ,
91 1467 253 1552 pullicum,
275 1467 448 1563 deuoluere
468 1473 588 1540 matut
613 1472 662 1538 rel
681 1473 769 1538 visio
790 1473 913 1541 dicitur.
944 1477 1036 1565 Elrgn
1060 1497 1194 1543 narnen-

94 1552 150 1623 ritu
164 1561 204 1626 'in
224 1560 346 1627 munda
372 1559 539 1627 saeculare
556 1565 607 1624 est
628 1559 778 1626 nascendi
801 1559 993 1648 perieulum3
1025 1562 1115 1652 eujus
1143 1573 1192 1629 ta·
1201 1581 1236 1632 1⁶

91 1659 141 1705 aon
162 1641 330 1714 uativitatit
358 1643 547 1734 perfeetioni
577 1643 705 1730 publiea
731 1667 751 1710 a
778 1647 842 1712 dea
857 1657 980 1734 „partus
1002 1649 1195 1736 promittitur

91 1723 152 1796 visin
187 1733 348 1799 lunonem
374 1731 571 1797 nihilofflnus
598 1727 773 1807 divitiarum
805 1745 935 1820 qaoque
960 1745 1107 1802 asserunt
1134 1733 1195 1800 do-

88 1811 194 1900 minam
219 1817 310 1885 ande
338 1830 370 1885 et
390 1829 464 1886 oona
487 1825 618 1919 seeptro
640 1834 713 1883 eam
731 1815 927 1903 depingant,
959 1819 1047 1907 quod
1069 1819 1194 1888 divitiae

87 1901 170 1983 signia
191 1904 251 1972 sint
296 1905 446 1970 manae.
489 1902 553 1977 Qu
573 1901 656 1969 enim
670 1901 791 1969 xdivitiis
812 1901 975 1985 abundat,
1007 1903 1130 1973 facilius
1151 1905 1193 1973 ad

84 2000 196 2068 regnum
212 1915 344 2078 asplrat
376 1987 457 2056 Ideo
479 2001 550 2055 earn
569 1988 682 2076 eapite,
696 1987 799 2056 velato
842 2002 952 2069 onunt,
973 1991 1060 2092 quod
1080 2012 1235 2070 omnesao

84 2063 187 2140 donae
214 2077 405 2164 plerumque
432 2083 506 2142 snat
533 2073 752 2141 absconditae.
808 2013 912 2142 [leam
949 2085 1045 2158 etlam
1080 2089 1192 2164 partus

82 2153 168 2226 olunt
196 2183 287 2242 eam,
319 2161 394 2249 quia
415 2161 540 2228 diritius
559 2159 650 2248 ‹praai
670 2171 885 2246 praegnantes
912 2171 995 2228 sunt.
1038 2159 1125 2228 Naln
1145 2161 1193 2228 di·
1252 2177 1254 2184 “

82 2237 143 2309 vito
170 2266 270 2314 norae
297 2264 423 2336 semper
451 2245 578 2313 divitias
607 2255 812 2330 generantur.
856 2242 925 2310 Sed
954 2255 987 2311 et
1015 2243 1106 2334 ipsae
1126 2245 1192 2334 ple-

83 2343 197 2432 rumque
219 2333 399 2410 abortiunt,
421 2330 576 2418 amatae
596 2351 666 2398 sors
691 2341 725 2397 et
744 2328 833 2396 luera
856 2328 1042 2420 depereant.
1086 2333 1192 2398 Pavo-

52 2469 54 2472 .
80 2429 138 2478 nem
149 2439 177 2482 m
188 2442 246 2486 aaa
258 2420 358 2486 habet
370 2416 485 2496 tutela,
505 2418 579 2504 quia
593 2414 723 2482 divitum
738 2415 799 2482 vita
816 2427 986 2483 ornatuum
997 2438 1123 2504 semper
1136 2438 1235 2506 ap-aa

78 2508 170 2582 patena
197 2517 256 2572 est·
301 2503 350 2570 Εἰ,
365 2504 447 2570 sieut
467 2499 726 2592 pavostellatum
745 2497 869 2567 madae
885 2523 1054 2568 curvamen
1073 2525 1194 2570 conra-

78 2603 139 2651 raos
160 2591 326 2658 anteriora
339 2602 447 2669 ornat,
477 2589 653 2674 posteriora
682 2609 756 2652 rero
778 2585 913 2674 turpiter
934 2586 1050 2668 nudat,
1077 2589 1122 2656 ita
1145 2588 1193 2654 di-

78 2667 155 2735 vitiae
180 2689 212 2742 et
239 2673 344 2763 gldtia
370 2673 543 2740 saecularis
566 2669 799 2740 momentaliter
819 2671 950 2759 quidem
970 2685 1104 2753 ornant,
1134 2697 1194 2763 po·
1276 2731 1281 2742 ,

76 2763 177 2824 atremo
203 2783 281 2826 vero
311 2773 391 2846 quos
422 2768 612 2825 ornaverant
638 2757 741 2823 nudos
770 2757 959 2846 relinquunt
1002 2759 1098 2826 Unde
1124 2761 1194 2909 ‹pri-

77 2835 152 2922 dam,
171 2847 326 2932 reliqua,
348 2847 411 2918 ait,
431 2844 622 2910 corraderet.
664 2841 709 2922 Et
730 2841 898 2910 woman:
941 2843 985 2910 In
1015 2841 1111 2910 obitu
1155 2867 1236 2920 o-ao

76 2924 169 2992 minis
190 2931 341 2996 nudatio
361 2951 508 3018 operum
522 2928 607 3014 ejut.

130 3015 175 3081 a.
213 3016 297 3082 ldeo
323 3027 428 3099 autem
450 3013 524 3080 lrim
549 3012 622 3078 huie
636 3007 837 3098 adjungant,
871 3012 946 3102 qula
966 3011 1049 3079 siout
1068 3011 1119 3079 illa
1140 3034 1193 3080 ar·
1282 3051 1286 3058 =

76 3105 164 3168 uatus
182 3102 287 3168 varios
319 3100 471 3188 pingens,
504 3096 736 3165 momentaliter
761 3095 902 3184 refugit,
931 3098 1032 3166 itaet
1055 3098 1193 3180 fortuna,

77 3185 199 3264 quamvis
219 3186 264 3254 ad
280 3205 436 3288 praesens
457 3195 586 3264 orraata,
604 3192 722 3250 ttamen
751 3192 800 3250 est
820 3181 964 3270 lbgitira.
1008 3183 1095 3250 Sane
1116 3185 1192 3250 Irim

75 3270 150 3350 quasi
169 3265 261 3360 apra,
280 3269 315 3337 rd
334 3282 385 3339 est
403 3280 578 3336 certamen
599 3267 739 3335 nonnulli
757 3266 877 3334 dietam
898 3268 1024 3352 volant,
1051 3269 1234 3358 ideoquene

77 3369 135 3419 un
153 3357 272 3440 lunoni
289 3355 367 3425 dtnt
388 3353 554 3434 famulam,
582 3354 669 3443 quod
694 3367 739 3420 ex
764 3352 942 3422 divitiarum
972 3375 1095 3423 veneno
1118 3378 1191 3444 per-

78 3455 159 3528 saepe
185 3441 360 3511 conamina
393 3454 426 3509 et
458 3440 630 3516 seditiones
667 3439 825 3508 oriuntur.
883 3439 970 3507 Hinc
1001 3451 1066 3522 ast,
1103 3439 1205 3528 quod.

74 3517 125 3590 Iris
151 3526 193 3593 ad
220 3526 415 3602 disaordiam
440 3524 720 3605 commovendam,
752 3525 931 3594 Mercurius
954 3547 1029 3591 vero
1050 3524 1091 3592 ad
1114 3549 1191 3592 con-

73 3609 201 3679 cordiam
222 3612 418 3702 frequentius
442 3613 581 3680 mittitur.
621 3612 781 3677 lunonem
799 3611 892 3680 edam
910 3611 1052 3700 plerique
1070 3633 1191 3700 regno·
1247 3627 1261 3636 ·

70 3711 132 3761 rom
152 3697 247 3768 deam
266 3699 382 3767 volunt.
425 3698 521 3766 Unde
542 3707 576 3764 et
597 3696 680 3764 hano
700 3695 839 3762 fabulam
861 3698 1058 3783 confingunt.
1099 3699 1235 3771 lxionaa

71 3774 193 3850 Junanis
214 3784 399 3874 eonjugium
421 3785 525 3871 petiit3
552 3783 604 3848 illa
633 3783 750 3848 nubem
771 3783 803 3849 in
825 3781 964 3872 speeiem
986 3803 1076 3848 snam
1098 3801 1192 3852 orna-
1245 3843 1250 3851 .

70 3863 125 3946 rit,
153 3891 227 3936 eum
253 3893 317 3959 qua
345 3871 436 3938 Ixion
465 3863 575 3936 ooie'ns
604 3869 786 3948 Centauros
814 3868 935 3954 genuit.
976 3867 1062 3934 Juno
1082 3869 1191 3956 igitur,

69 3961 102 4016 ut
119 3951 269 4036 diriunm,
282 3956 363 4022 (dea
384 3974 557 4042 regnorum
582 3966 649 4033 est3
678 3953 768 4020 Ixion
798 3952 936 4040 dignitas
957 3953 1193 4043 interpretatur.

69 4029 102 4108 ln
121 4036 182 4105 hae
205 4055 280 4108 dero
302 4035 365 4110 dita
388 4039 547 4128 quaelibet
566 4038 725 4126 dignitas,
745 4035 779 4102 id
798 4052 847 4106 ast
861 4039 1073 4125 quantaelibet
1088 4041 1194 4132 digni-

69 4121 136 4187 tatis
157 4141 450 4215 personaragaum
470 4119 643 4206 atfeotans,
674 4126 790 4192 nobam
818 4135 941 4194 tantum
968 4138 1124 4216 meretur,
1161 4125 1235 4198 idas

72 4217 117 4274 eat
142 4207 302 4284 horariam
327 4212 420 4302 regni
447 4210 690 4302 similitudinem,
738 4207 819 4280 lllud
855 4209 938 4280 anim
969 4233 1106 4300 regnum
1135 4226 1210 4292 est,-
