2716 4794
191 203 288 328 nc¹
468 201 652 306 npmgs.
681 203 754 281 111.
809 203 869 280 c..
904 171 1049 284 lea

235 393 239 404 '
266 388 425 462 'Gentem
445 395 568 452 errant
587 407 708 468 annos,
724 387 943 480 volitantque
963 391 1046 457 baec
1065 386 1166 454 litora
1179 387 1299 453 circum.

194 474 293 558 Quod
313 494 391 541 vero
411 471 454 540 de
476 473 582 561 Styge
602 471 738 559 legitur:

278 557 450 642 chnjus
470 557 601 644 jurare
627 557 753 622 timent
786 565 821 622 et
844 553 979 640 ¹follere
1007 579 1129 624 numen
1151 589 1188 606 -
1225 589 1229 594 ·

194 644 370 733 seeundum
384 642 505 710 labulas
516 640 589 708 idco
603 653 670 722 est,¹
689 639 776 730 quod
787 639 903 710 dener
915 643 1065 725 Victoria,
1083 641 1188 732 Stygis
1197 639 1260 716 lilia,
1275 639 1298 703 in

169 733 277 801 sbetto
314 731 489 816 Gigantum
516 727 588 794 Jori
625 728 756 808 sarisam
794 749 854 816 pro
882 729 973 819 cujus
1000 730 1046 796 rei
1075 726 1299 794 remuneratione

194 819 345 907 luppiter
375 815 404 880 ei
432 812 561 892 tribuit,
591 823 629 880 ut
657 834 717 902 per
747 811 817 901 ejus
843 825 978 900 matrem
997 816 1039 882 dii
1058 815 1194 918 jurantes
1213 809 1300 878 fallere

120 907 123 924 ¹
195 900 437 977 consedeant,
470 898 532 964 bec
552 919 657 986 poena
678 901 869 972 constitum
895 911 937 967 ut
956 903 986 968 si
1015 924 1084 991 qms
1113 899 1178 988 ejus
1205 917 1298 963 nonen

196 988 374 1066 fefellisset,
409 1006 474 1053 uno
505 1005 588 1051 anuo
616 995 649 1050 et
668 983 717 1049 IX
739 982 852 1052 diebus
873 988 1052 1054 ambrosiae
1071 996 1197 1053 naotare
1215 982 1300 1072 probi·
1337 1017 1338 1020 =

195 1077 336 1142 beretur.
377 1071 448 1136 Ros
470 1079 577 1136 antem
596 1069 751 1138 tantillum
767 1079 825 1150 est.
864 1071 943 1162 Styx
965 1093 1141 1140 maerorem
1159 1071 1301 1174 signifieat.
1336 1101 1338 1166 p

155 1160 296 1226 1oDicta·
315 1167 366 1224 est
386 1156 469 1222 enim
492 1157 674 1243 acauye'u,
702 1154 737 1220 id
753 1165 808 1223 est
829 1177 850 1222 a
872 1158 1037 1226 tristitia.
1077 1154 1129 1224 Dii
1151 1179 1227 1222 emm
1245 1152 1302 1219 laeti

194 1257 268 1323 sunt
284 1263 431 1333 semper;
462 1238 612 1307 undeet
639 1240 838 1308 immensus·
860 1239 954 1322 sane,
991 1244 1045 1333 qui
1071 1265 1237 1310 maerorem
1256 1261 1302 1304 non

193 1331 349 1407 sentiunt,
377 1348 437 1416 per
463 1348 533 1392 rem
553 1337 689 1394 naturae
708 1347 790 1394 suae
810 1329 1000 1396 contrariom
1017 1331 1147 1434 jurant3
1177 1327 1243 1395 ideo
1268 1327 1303 1414 jn-

88 1421 92 1436 '
142 1445 150 1480 τ
192 1425 371 1484 ramentum
401 1432 459 1500 per
487 1413 720 1478 execrationem
748 1411 875 1482 habent.
918 1413 1004 1486 Nam
1018 1413 1231 1507 jusjurandum
1249 1434 1302 1500 pro

194 1503 279 1592 prio,
309 1500 368 1568 diis
395 1495 544 1565 alicunde
563 1499 698 1566 testibus
723 1498 893 1581 invocatis,
924 1521 1080 1591 prospera
1103 1502 1223 1590 optare,
1248 1519 1303 1562 are-

154 1589 296 1658 sacratio
324 1606 400 1650 vero
429 1581 563 1651 adversa
593 1583 772 1672 deposcere
801 1595 859 1652 est.
904 1586 1000 1661 Quod
1034 1599 1142 1655 autern
1171 1583 1304 1656 Victoriae

194 1682 297 1746 mater
318 1672 417 1760 Styra,
437 1667 471 1734 id
493 1678 543 1734 est
563 1669 719 1734 tristitia
740 1668 827 1736 dicta
848 1672 904 1753 sit,
928 1672 970 1739 ob
993 1673 1057 1741 boc
1075 1676 1182 1743 lictum
1196 1669 1303 1738 utetur,

194 1758 282 1849 quod
308 1758 341 1824 in
369 1754 594 1821 certaminibus
622 1754 825 1842 diligentiore
854 1759 1044 1848 magisque,
1075 1772 1118 1828 -ut
1145 1761 1189 1826 ita
1214 1755 1303 1826 dican,

83 1862 88 1871 ’
196 1846 289 1911 anxia
320 1838 530 1908 sollieitudine
565 1837 722 1920 adbibita,
757 1841 901 1910 vincendi
935 1845 1018 1913 ratio
1041 1843 1236 1936 praesentior
1261 1849 1302 1912 est,
1337 1919 1338 1922 Ἴ

194 1929 269 2016 quia
289 1929 389 1994 abre
404 1947 471 1992 neo·
487 1925 551 1990 hoc
571 1924 705 1991 alienum
727 1937 808 1994 est·
1138 1958 1140 1969 ·

153 2035 190 2086 ao
272 2013 371 2080 Dum
391 2033 458 2076 non
481 2009 576 2075 laeto
591 2008 689 2094 suit,
716 2011 863 2099 defenso
891 2023 944 2078 est
964 2012 1051 2080 Ilios
1072 2013 1204 2091 armis3

84 2155 87 2161 .
353 2092 532 2164 Militibus
551 2095 744 2182 gravidum
764 2096 860 2162 laeta
881 2097 1012 2185 recepit
1032 2121 1165 2188 equum.

193 2184 322 2255 Dicitur
341 2194 448 2252 temen
471 2180 585 2274 eodan
608 2182 688 2270 Styx
710 2180 845 2250 deorum
865 2191 899 2248 et
918 2183 1022 2250 nutrix
1045 2197 1079 2254 et
1101 2181 1233 2273 hospita,
1267 2173 1303 2239 ola

176 2268 239 2336 'dii
269 2271 311 2336 de
340 2267 433 2336 terris
461 2287 521 2370 per
546 2267 788 2356 purgationem,
826 2289 921 2356 quam
950 2263 1031 2360 Styx
1060 2271 1149 2360 apud
1179 2199 1303 2357 quosdam

124 2375 126 2382 “
194 2355 368 2444 theologos
389 2353 567 2439 aignrlicat,
598 2351 739 2420 caeleste
759 2355 953 2422 consortium
973 2368 1169 2424 mernerunt

151 2444 188 2494 ²⁵
279 2444 310 2510 4.
353 2438 557 2525 Phlegethon
580 2461 599 2504 a
622 2431 722 2538 φλόξ,
742 2437 777 2504 id
805 2451 854 2506 est
867 2438 1021 2534 flamma
1040 2441 1151 2510 dictus
1174 2450 1228 2506 est.
1263 2432 1306 2498 llll
1336 2465 1337 2470 ¹

194 2527 279 2602 enirn
292 2597 295 2602 ,
308 2534 395 2594 totus
415 2523 531 2610 igneus
554 2521 695 2590 ambrens
725 2522 900 2603 infernum,
927 2524 1061 2596 ardores
1083 2528 1204 2595 irarum
1223 2532 1252 2588 ct
1268 2537 1307 2582 ru·

191 2611 378 2700 piditstum,
398 2609 513 2697 quibus
534 2608 663 2675 hnmani
689 2608 910 2676 accenduntur
929 2612 1040 2694 animi,
1075 2616 1216 2702 figurare
1234 2601 1307 2692 signi-

193 2700 302 2765 lioans.
345 2696 444 2762 Hune
464 2693 646 2782 tamenqui
668 2693 759 2761 altius
781 2697 927 2786 sapuisse
949 2697 1115 2782 ridentur,
1143 2697 1234 2789 bujus
1249 2688 1308 2759 inle-

192 2783 286 2850 rioris
307 2780 389 2851 ebria
424 2789 573 2848 naturam
600 2777 763 2862 turbidam
795 2794 831 2849 et
851 2783 1069 2872 corpulentam
1097 2785 1238 2876 figurare
1258 2793 1310 2881 ptr·

150 2869 321 2952 tobinen,
359 2887 443 2954 quae
459 2898 463 2906 ·
482 2863 629 2932 videlicet
665 2879 818 2936 concreta
850 2880 900 2936 est
929 2869 1007 2958 igne
1042 2869 1085 2936 de
1110 2865 1309 2960 superionbus

193 2964 319 3036 nacto,
350 2965 385 3020 et
406 2959 488 3040 equa
510 2949 553 3017 de
573 2952 776 3021 inferioribus
802 2954 942 3035 bansta,
970 2979 1017 3023 ex·
1038 2953 1157 3044 quibus
1183 2961 1237 3022 adr
1254 2949 1310 3016 der

191 3039 289 3108 sesoit
317 3044 350 3108 et
370 3037 581 3116 incrassatur,
608 3038 646 3103 ib
667 3060 731 3127 quo
753 3041 951 3128 peccatrices
973 3041 1100 3110 animae
1123 3038 1253 3134 purgari
1271 3051 1310 3136 pu·

192 3136 310 3199 tantur.
349 3121 501 3190 Elundern
521 3121 792 3210 Phlegethonteae
814 3123 984 3206 nonnulli,
998 3127 1052 3217 qni
1070 3145 1106 3194 ‘e
1125 3129 1216 3198 caelo
1239 3125 1311 3189 inler-

193 3229 269 3277 nnm
297 3205 359 3276 inci
383 3229 438 3274 ere
470 3219 654 3288 autumant,
687 3211 800 3280 Martis
833 3212 984 3280 circulum
1018 3212 1150 3293 dicunt,
1189 3213 1265 3279 sicut
1291 3211 1311 3264 el

22 3375 25 3380 f
150 3314 325 3384 eboampos
376 3293 483 3384 lysios,
526 3293 690 3383 uoa'apud
711 3295 832 3366 inferos
855 3299 961 3364 fabula
985 3301 1162 3380 constituit,
1186 3291 1312 3364 errentur

191 3382 282 3474 lovis
300 3404 372 3448 esse
392 3317 599 3460 contendunt
640 3380 698 3446 Alii
719 3392 843 3464 tamen,
870 3394 906 3451 ut
928 3385 971 3450 alt
993 3386 1152 3467 Servius,
1175 3373 1312 3460 ininsula
1335 3431 1336 3478 p

192 3467 361 3538 sonunatis
380 3464 508 3554 Elysios
529 3487 602 3532 esse
624 3464 778 3550 eredunt;
809 3463 906 3545 λύσις
935 3483 1042 3536 eutem
1068 3468 1236 3535 resolutio
1256 3457 1312 3530 diri·
1335 3483 1336 3494 ³

191 3565 262 3631 tur,
294 3549 383 3640 quod
413 3549 559 3618 videlicet
588 3549 650 3639 illic
677 3553 818 3636 onimae,
853 3556 984 3626 maculis
1024 3555 1132 3622 carnis
1169 3553 1315 3624 resolutae

193 3637 389 3706 beatitudine
411 3636 532 3724 perfrui
553 3648 713 3726 putantur.
1096 3704 1099 3714 ,
1335 3689 1336 3700 ,

149 3732 187 3784 40
276 3725 308 3790 5.
348 3721 454 3788 Porro
476 3719 519 3787 de
539 3722 650 3810 poenis
671 3719 876 3790 infernalibus
899 3720 1118 3816 competentes
1139 3719 1336 3809 redditur,

191 3810 310 3892 cretius
329 3807 488 3888 rationes;
518 3819 551 3874 et
575 3829 659 3894 quae
683 3807 725 3873 de
746 3808 854 3876 inferis
875 3810 1060 3900 linguntur,
1089 3813 1201 3882 omnia
1222 3810 1253 3875 in
1272 3801 1336 3894 vitat

79 3898 82 3920 ³
190 3905 301 3962 nostre
331 3915 406 3962 esse
439 3893 615 3960 confirmat
656 3893 746 3960 Dicit
776 3916 937 3984 namque,
967 3899 1116 3988 Tityum,
1158 3891 1320 3964 vulturibus

169 3981 281 4072 *jecur
300 3976 481 4047 lamundum
511 3975 656 4056 dantem,
688 4001 830 4047 amorem
862 4003 956 4064 esse,
992 3984 1055 4051 boo
1083 3991 1134 4048 est
1163 3973 1320 4049 libidinem,

192 4087 279 4155 quae
296 4062 539 4134 ita-secundum
568 4064 717 4155 physicos
739 4063 921 4156 injecere,
944 4070 1029 4140 sicut
1056 4069 1139 4135 risus
1164 4067 1198 4134 in
1220 4062 1323 4154 splene,

149 4149 357 4243 miracundia
382 4149 429 4216 in.
445 4148 518 4216 salle
545 4160 603 4216 est.
643 4148 741 4217 Unde
773 4165 806 4220 et
831 4153 926 4242 jecur
955 4177 1083 4222 exesum
1112 4175 1133 4220 a
1159 4151 1284 4219 vulture
1300 4143 1322 4206 ir

193 4257 330 4332 poenam
359 4234 484 4302 renasci
513 4232 637 4333 dicitur.
690 4235 819 4308 Etenim
849 4261 887 4306 re
914 4239 1012 4309 semel
1039 4249 1190 4330 peracto,
1222 4225 1322 4303 libidini

1334 4635 1335 4650 r

1334 4665 1335 4680 r

1307 4748 1312 4768 „
1334 4685 1335 4772 l
