2716 4794
353 148 543 284 nyma
568 182 623 255 u.
687 174 776 257 tro.
804 157 899 296 aaa.
964 271 976 278 „
1058 171 1199 290 '¹115

80 364 310 438 innumerabiles
340 379 465 437 meatus
492 370 540 453 ‘ad
567 370 760 457 irrigandam
787 395 876 440 snam
902 376 1091 462 provinciam
1114 380 1199 448 deri-
1310 369 1311 374 ἵ

77 457 163 538 ravit,
208 475 331 544 suaque
371 469 510 544 expensa
546 458 675 526 avaritia
712 459 841 524 fluvium
877 460 1012 536 lertilem
1048 464 1198 536 reddidit

75 537 153 609 Mida
182 543 265 608 enim
295 543 424 608 Graece
452 542 542 628 quasi
569 544 678 630 prndio
705 539 784 611 idolo
813 543 944 630 dicitur,
976 547 1009 614 id
1037 553 1199 618 estnihil
1307 551 1310 564 ⁴

71 627 186 693 sciens.
231 629 351 692 Avarus
385 626 468 694 enim
500 628 533 695 in
569 639 689 694 tantum
723 629 835 696 stultus
863 644 933 714 est,
966 647 1002 702 ut
1024 636 1117 704 etiam
1138 639 1196 704 s'rbi

70 712 217 801 prodesse
240 711 368 780 nesciat
1061 742 1062 755 ¹
1201 737 1219 784 s

38 920 40 934 ι
137 875 245 958 ‚tto
299 875 1106 1008 CertamenNeptpnietlllinervae·
1152 895 1157 906 '

147 1011 257 1088 Quum
278 1007 309 1077 ln
330 1009 489 1102 acropoli,
510 1007 703 1086 Athenarum
717 1034 801 1093 arce,
824 1014 993 1104 Neptunus
1010 1013 1042 1084 e't
1054 1017 1195 1086 Minerva

69 1095 101 1165 de
123 1100 252 1164 nomine
273 1097 466 1164 Athenarum
487 1096 732 1172 contenderent,
753 1100 870 1186 placuit
890 1099 968 1182 diis,
997 1114 1034 1170 ut
1051 1103 1131 1170 illius
1154 1130 1194 1172 en
1257 1161 1261 1170 .

71 1185 193 1252 nomine·
212 1182 318 1250 civitas
340 1181 519 1277 diceretur,
547 1182 601 1268 qni
629 1201 741 1250 munus
765 1185 875 1252 melios
896 1187 1082 1254 mortalibus
1101 1193 1194 1257 obtu-

36 1311 37 1317 κ
72 1267 155 1338 iisset.
208 1268 304 1336 'I'onc
331 1264 500 1355 Neptunus
523 1279 682 1417 percusso
705 1292 777 1336 cum
799 1271 935 1340 tridente
956 1273 1046 1341 litore
1066 1296 1084 1338 e
1107 1290 1237 1360 uum‚1u

78 1354 174 1421 animal
196 1353 284 1420 bellls
305 1365 429 1442 aptum,
461 1375 521 1441 pro
543 1353 619 1420 unt.
662 1352 811 1437 Minerva
826 1357 948 1446 jactata
964 1359 1061 1428 hasta
1080 1298 1194 1428 dlivam

78 1443 195 1522 crearit;
253 1457 391 1506 naeres
419 1449 469 1506 est
499 1439 610 1504 melior
637 1444 861 1528 comprobata,
893 1455 925 1511 et
953 1444 1039 1532 pacis
1068 1446 1194 1532 insigne
1235 1495 1240 1506 a

77 1525 175 1594 habita.
255 1547 295 1591 ox
327 1525 435 1592 ciuitas
467 1523 652 1592 Athenae
679 1527 768 1614 quasi
790 1523 969 1616 ἀθανάτη,
1000 1530 1033 1596 ld
1055 1542 1104 1598 est
1124 1529 1193 1596 irri-

75 1607 232 1678 narratis.
275 1610 379 1690 Hinc,
412 1608 487 1696 quia
515 1611 677 1676 Minervae
705 1627 818 1681 munus
844 1615 1016 1701 praelatum
1036 1628 1085 1684 est
1106 1615 1192 1682 dono

74 1693 216 1785 Neptuni,
231 1709 350 1762 'ramus
372 1694 472 1760 olivae
494 1696 716 1772 emetiamur,
744 1701 899 1766 offerente
919 1701 1028 1766 melior
1050 1722 1122 1768 esse
1138 1702 1234 1791 jura

74 1780 193 1849 dicatur.
237 1781 323 1858 Hinc
343 1793 393 1848 est
417 1782 616 1868 proverbium
639 1781 714 1848 illud
731 1783 872 1848 herbam
894 1785 954 1868 do,
983 1787 1087 1868 idest
1110 1789 1210 1862 cedo„

70 1868 230 1936 victoriam.
266 1867 350 1934 Nam
371 1886 468 1954 quum
489 1866 521 1932 in
544 1868 701 1954 agonibus
725 1868 833 1958 aliquis
857 1859 988 1936 herbam
1009 1871 1040 1937 in
1062 1866 1210 1940 modum*=

69 1953 180 2041 palmae
204 1949 326 2033 daret,
349 1965 428 2034 com
468 1973 510 2018 uo
533 1967 595 2018 non
619 1967 753 2021 conatur
772 1956 966 2021 contendere
977 2009 989 2040 ,γ
1015 1980 1088 2024 eum
1112 1960 1191 2026 fate-

68 2051 111 2106 tur
137 2038 310 2105 meliorem
330 2059 410 2104 esse.
484 2038 546 2105 ittls
576 2052 681 2106 autem
711 2062 818 2106 ramus
841 2040 940 2106 olivae
963 2041 1130 2129 alligatum
1158 2057 1191 2110 ut

57 2121 169 2193 'inertia
200 2133 256 2189 aut
283 2122 478 2190 imbecillitas
510 2126 671 2190 offerentis
702 2125 898 2193 ostendatur.
940 2127 1066 2194 Scimus
1096 2129 1241 2202 enimse

68 2231 132 2292 ores
150 2209 254 2275 alieno
281 2200 407 2296 semper
427 2231 526 2298 egere
548 2210 670 2275 auxilio.
712 2209 840 2298 Equum
863 2221 979 2288 autenm
1003 2213 1188 2300 aNeptuuo

66 2296 279 2382 progenitum,
303 2294 353 2359 alii
375 2295 525 2370 scitum,
547 2296 596 2360 alii
611 2294 802 2374 Chironem9
830 2295 879 2360 alii
899 2297 1047 2361 Arionem
1069 2300 1188 2384 (quem

64 2379 426 2449 Adrastusin'l'hebano
447 2380 567 2468 proelio
587 2379 716 2465 habuit)
737 2379 847 2446 dicunt
867 2381 964 2447 luisse
988 2384 1188 2450 nominatumss

62 2466 138 2532 Ideo
159 2477 268 2546 autem
297 2463 466 2554 Neptunus
495 2465 610 2534 dicitur
638 2489 756 2554 equum
783 2463 956 2554 inuenisse,
996 2469 1070 2556 duis
1099 2471 1189 2538 velox

61 2563 108 2618 est
134 2552 202 2640 ejus
233 2571 350 2616 numen
377 2562 411 2617 et
431 2551 563 2632 mobile,
595 2553 678 2620 sicut
705 2573 803 2618 mare.
847 2552 942 2618 Unde
962 2563 995 2618 et
1017 2555 1134 2621 Castor
1157 2567 1230 2627 atae

58 2636 185 2717 Pollux,
207 2637 282 2723 quia
305 2657 414 2726 eorum
437 2635 651 2705 velocissimae
669 2639 777 2707 stellae
798 2650 889 2720 sunt,
918 2661 1018 2727 equos
1037 2639 1069 2704 in
1091 2642 1189 2708 tutela

59 2721 175 2790 babere
196 2722 353 2790 dicuntur.
940 2768 943 2774 ,
1046 2743 1048 2748 '

453 2849 790 2976 lssllflllin'osr

138 3003 260 3086 Minos,
294 3007 381 3080 Jovis
408 3019 440 3075 et
465 2985 619 3096 Europae
637 3011 736 3090 filius,
770 3027 868 3098 qurum
889 3001 1124 3078 sacrificationis
1145 2999 1187 3076 ad
1246 3023 1248 3028 ’

59 3095 245 3183 aras-patris
268 3094 455 3174 accederet,
485 3098 585 3160 oravit
612 3098 786 3183 potentiam
814 3096 964 3176 numinis,
994 3109 1030 3164 ut
1055 3092 1230 3182 dignamoo
1265 3097 1267 3104 '
1344 3087 1345 3090 Ἴ

58 3179 118 3246 aris
138 3181 202 3248 suis
224 3181 358 3247 hostiam
380 3182 448 3270 ipse
470 3183 647 3269 praeberet.
696 3182 810 3269 Itaque
831 3183 935 3248 subito
957 3193 1067 3248 taurus
1089 3200 1188 3269 appas
1279 3255 1282 3262 y

59 3265 118 3330 ruit
137 3267 230 3332 nimio
254 3265 396 3332 candore
415 3267 574 3357 perfusus
604 3268 709 3343 Quem
732 3288 829 3356 quum
851 3266 1061 3338 admiraretur
1071 3265 1186 3352 Minos,-

60 3349 214 3436 religionis
240 3351 374 3431 oblitus,
406 3353 539 3418 armenti
571 3354 620 3418 sui
650 3353 758 3420 maluit
777 3369 854 3420 'esse
882 3351 1065 3432 ductorem
1096 3352 1187 3440 cujus

64 3433 154 3502 eham
171 3437 291 3506 ardore
309 3436 486 3524 Pasiphae,
516 3439 579 3504 filia
599 3439 700 3520 Solis,
731 3455 812 3504 utor
838 3438 971 3519 Minois,
997 3437 1111 3516 dicitnr
1136 3455 1186 3502 ar·
1247 3454 1248 3463 ¹
1332 3501 1334 3504 .

59 3517 144 3588 sisse.
190 3523 297 3612 Igitur
325 3535 502 3590 contemtus
531 3524 677 3613 Juppiter
703 3543 723 3590 a
752 3525 815 3590 lilio
848 3525 987 3590 furorem
1014 3534 1106 3589 tauro
1127 3525 1253 3593 irn-eo'
1344 3585 1345 3590 ,

58 3605 154 3686 misit,
185 3622 221 3677 ut
252 3609 454 3676 Cretensium
485 3631 548 3674 non
574 3611 675 3676 solum
703 3631 819 3698 agros,
849 3609 905 3676 sed
925 3609 1071 3674 universa
1092 3609 1186 3674 etiam

59 3695 177 3762 moenia
205 3705 353 3762 vastaret
394 3696 492 3760 Hunc
514 3695 688 3776 Hercules,
718 3697 830 3764 missus
853 3693 1025 3783 Eurysthei
1044 3695 1187 3782 imperim-
1216 3715 1218 3723 ‘

60 3780 227 3864 superavit,
268 3781 447 3868 rictumque
477 3783 586 3871 ¹Argea
614 3797 717 3870 usque
744 3781 900 3871 perduxit
954 3781 1058 3852 Quem
1090 3801 1187 3867 quum
1281 3821 1283 3831 ·

46 3855 252 3953 ⁴Ilurystheus
280 3865 399 3930 latroni
430 3888 622 3948 consecrare
655 3866 763 3948 vellet,
803 3869 888 3932 Juno
927 3887 1025 3932 exosa
1060 3887 1184 3943 munus,

63 3951 139 4030 quod
162 3951 203 4016 ad
224 3951 372 4017 Herculis
394 3949 529 4038 gloriam
549 3945 748 4042 pertinebat,
772 3963 899 4019 taurum
925 3947 957 4018 iu
978 3941 1111 4018 Atticam
1134 3966 1229 4019 re-oo
1327 3964 1329 3973 ⁴

13 4053 15 4066 ’
57 4032 180 4114 gionem
193 4036 317 4126 expulit,-
334 4033 386 4103 ubi
398 4061 417 4102 a
428 4049 538 4103 monte
552 4039 619 4106 e'us
631 4037 820 4104 Marathone
831 4037 865 4120 M
875 4054 893 4101 a
903 4036 1025 4103 rotho
1036 4030 1186 4104 niusest

57 4119 247 4204 appellatum
282 4137 376 4209 quem
405 4136 518 4212 postea
585 4126 717 4198 heseus,
749 4122 851 4210 Aegei
878 4119 980 4202 lilius5
1017 4123 1184 4191 interemit.

39 4199 119 4271 ‘Seu
142 4207 183 4274 de
204 4201 362 4296 Pasiphae
383 4223 416 4278 et
437 4207 551 4276 eodem
572 4221 665 4280 tauro
687 4208 808 4297 plenius
830 4207 965 4274 dicatur«
1152 4213 1154 4237 '

861 4321 968 4386 ga„
