2698 4804
60 267 62 276 ,
132 151 136 160 ’
207 259 214 266 .
287 153 889 301 ammantat-..a
975 143 1234 300 ¹J'aa‘c„

60 401 106 459 seu
124 379 205 470 quod
226 379 390 447 vinolentia
414 375 570 464 feritatem
591 389 745 465 generet,
766 376 935 468 seu'quod
959 380 1029 453 rino
1051 381 1165 458 effera·
1233 448 1236 454 ,
1337 379 1338 382 '

60 475 102 530 tae
118 482 233 533 mentes
247 464 460 534 ,muleeartun
502 460 599 530 Unde
624 474 657 529 et
674 463 825 532 Lenaeus
848 465 935 550 juxta
959 465 1166 552 Fuigentinm

57 547 172 632 dicitur,
205 553 292 640 quasi
322 550 504 614 lenitatem
527 559 728 634 praestans.
782 547 898 616 lisdem
929 548 1100 632 decausis
1131 566 1164 620 et

55 633 193 716 Bacchas,
209 634 436 703 aliaeeha'rrdo
447 633 513 700 sive
527 635 568 698 ab
582 633 651 721 ipso
663 633 795 702 Baccho
811 633 923 714 dictas,
943 637 971 702 ei
981 659 1163 718 sacramus;
1226 665 1241 724 3

54 742 120 805 quas
131 734 162 790 et
171 723 253 810 ipsas
264 741 497 806 nonnumquam
509 717 566 798 rei,
581 731 616 786 ut
626 719 670 785 ait
679 719 876 798 Lactantius,
891 721 1000 808 lingua
1010 723 1186 788 Macedo-5

52 826 131 886 unm,
153 809 214 887 vei,
236 820 268 875 ut
289 808 360 873 aiibi
379 805 515 892 legitur,
536 828 556 870 a
578 805 725 886 Graeco,
749 804 835 893 quod
850 804 1014 892 fictorem
1041 808 1163 894 signifi·
1227 797 1235 812 ’

51 893 341 973 cat‚'Mimahones;
373 902 406 956 et
426 915 446 956 a
467 891 596 955 Graeco
617 891 772 974 proiecto,
794 889 881 981 quod
903 890 997 969 item,
1028 904 1063 960 ut
1082 894 1162 980 iegi-

50 997 119 1058 mus,
136 977 259 1065 furere
275 981 511 1062 interpretatur,
532 973 705 1042 Maenades
729 987 937 1065 nuncupatas,
960 977 989 1042 ei
1006 978 1162 1046 ministras

4 1077 5 1082 ’
49 1059 108 1126 dari
134 1065 271 1131 dicimus.
322 1063 407 1128 Nam
443 1059 530 1148 quod
558 1054 701 1148 aprina
734 1062 821 1127 lurra
859 1059 1035 1130 Maenades
1068 1065 1161 1151 qnasi

47 1145 226 1231 lunatione,
252 1149 375 1228 idest,
408 1145 452 1213 ‘ad
472 1144 832 1214 modum‘lunatiearum
856 1147 1015 1230 furentes,
1038 1167 1203 1216 nuncu-ln

47 1243 129 1316 patae
148 1235 216 1314 siut,
239 1236 342 1321 magis
365 1233 574 1334 compositum
597 1252 690 1318 quam
721 1254 830 1298 rerum
853 1227 986 1310 videtur:
1028 1232 1161 1334 Lynceo

47 1316 71 1380 ei
89 1320 126 1384 ob
148 1321 289 1400 nimiam,
311 1342 375 1410 qua
390 1319 532 1403 insignes
551 1340 607 1383 eas
632 1317 831 1404 accepimus,
864 1317 953 1384 visus
969 1339 1041 1405 pers
1065 1319 1160 1383 reaci-

46 1407 129 1470 tatem
168 1409 304 1475 arbitror
339 1403 496 1492 deputari
550 1401 665 1469 Vinum
699 1402 812 1484 enim,
844 1415 879 1474 ut
906 1402 995 1491 ajunt
1025 1341 1159 1504 physici,

45 1489 155 1556 modice
175 1507 313 1559 sumtum
334 1490 425 1556 aruir
440 1486 612 1576 ingenium.
1262 1562 1264 1568 ¹

57 1579 65 1586 ’
114 1577 142 1644 4.
182 1577 315 1646 Jurenis
339 1575 543 1665 depingitur,
578 1571 652 1660 quia
673 1591 844 1657 numquam
866 1571 1003 1640 ebrietas
1021 1584 1201 1644 maturans
1235 1626 1242 1638 Ι
1329 1622 1332 1634 .

13 1701 15 1706 .
45 1667 91 1725 est
135 1661 253 1732 Nudus
282 1661 377 1730 etiam
406 1660 471 1728 sire
500 1658 588 1747 quod
610 1655 703 1746 juata
734 1656 942 1742 Fuigentium
975 1658 1090 1726 ebriosi
1122 1681 1159 1727 se
1240 1664 1248 1672 “

43 1745 228 1890 pernoctem
263 1745 418 1814 versando
447 1745 630 1833 pierumque
660 1739 738 1806 nudi
759 1744 857 1822 hant3
894 1741 942 1808 rei
962 1743 1048 1830 quod
1067 1739 1158 1811 rino·
1199 1825 1201 1829 Ι

51 1833 103 1898 enti
127 1834 200 1902 dum
224 1835 363 1924 potibus
390 1831 576 1916 indulgent,
608 1849 692 1894 sea
727 1827 901 1896 substantia
928 1828 1066 1912 nudant3
1100 1853 1158 1919 seu

42 1917 237 2061 puiamenti's
277 1928 415 1996 secreta,
434 1931 548 2003 tegere
578 1933 642 1982 non
670 1914 770 2000 possit
799 1935 859 1980 nec
883 1914 965 1981 sciat
997 1915 1168 1984 ebriosus·
1237 1933 1240 1942 ¹

59 2003 113 2070 oris
140 2007 254 2073 femori
284 2007 416 2072 insutus*
435 2002 568 2089 fingitur
603 1997 637 2066 et
663 1997 738 2065 inde
767 2000 972 2087 progenitus,
1000 2001 1096 2090 quia,
1122 2011 1199 2071 arao

43 2087 125 2168 refert
142 2093 172 2157 in
205 2096 233 2160 O
261 2087 466 2176 smographia
493 2086 686 2168 Martianus,
719 2096 768 2151 est
795 2085 827 2149 in
856 2085 993 2171 quadam
1023 2088 1157 2173 regione
1272 2130 1274 2139 ,

42 2175 103 2238 urbs
124 2176 209 2267 Nyso
266 2177 356 2242 ibero
375 2174 457 2262 patri
476 2195 587 2250 sacra,
618 2169 772 2255 monsque
800 2169 911 2236 Merus
940 2169 1018 2234 Jori
1044 2195 1157 2254 sacer;
1208 2191 1218 2202 “

43 2259 163 2330 undeet
185 2265 311 2353 ipsum,
332 2259 448 2347 iuquit,
483 2255 589 2323 sabula
614 2264 681 2332 est,
712 2276 732 2318 e
751 2254 985 2320 Jovisfemore
1005 2257 1156 2343 (μηροῦ)

39 2359 233 2425 procreatum.
280 2345 372 2436 Apud
399 2342 585 2429 Remigium
607 2337 890 2492 tameniefiimus,
921 2339 1043 2428 Nysam
1066 2365 1155 2408 mou·
1181 2421 1183 2426 Ι

40 2439 93 2496 tear
111 2455 178 2501 esse
198 2431 330 2512 indiae,
352 2433 385 2498 in
406 2451 469 2517 quo
492 2427 589 2496 hodie
610 2445 738 2513 quoqne
790 2425 887 2505 iberi,
907 2424 1024 2512 inquit,
1046 2426 1195 2494 ferun-²⁵

40 2521 83 2578 tur
99 2539 165 2587 esse
185 2518 374 2609 crepundia.
420 2515 507 2582 Sane
534 2537 554 2581 a
587 2512 679 2600 Nysa
711 2509 860 2664 Nipsaeus
899 2508 947 2575 rel
981 2501 1157 2613 Dionysus,

37 2596 64 2663 id
82 2615 126 2671 est
156 2604 235 2675 deus
269 2605 396 2694 Nysae,
430 2600 493 2666 dici
517 2598 687 2666 iurenitur.
756 2593 884 2664 'rondes
918 2593 1057 2666 hederae
1085 2620 1153 2686 epus

39 2688 122 2754 sacris
139 2691 297 2760 interesse
321 2696 524 2766 meruerunt,
560 2682 610 2751 veh
637 2684 840 2750 ob‘uvarum
869 2678 905 2748 ed
930 2685 1154 2772 corymborum

37 2769 272 2854 similitudinem,
308 2775 356 2842 vel
383 2771 471 2863 quod
500 2789 627 2860 semper
643 2768 752 2856 juveni
773 2768 836 2835 deo
864 2789 991 2855 semper
1022 2769 1152 2836 virentia

37 2864 215 2932 conveniant
263 2862 350 2928 Hinc
372 2873 405 2938 et,
426 2856 548 2924 hedera
568 2857 804 2921 coronabantur
822 2857 944 2941 poi-tae
964 2851 1012 2918 vei
1040 2859 1211 2942 utpotebd¹

36 2937 140 3014 Libero
161 2948 359 3028 consecrati,
381 2944 433 3033 qui
455 2941 663 3010 uthacchae
683 2940 852 3018 insaniunt,
874 2937 959 3004 unde
982 2936 1151 3008 Horatius:

104 3061 664 3086 ----——-———---·--·-
699 3024 1006 3107 :simulamentis

57 3168 59 3177 ,
104 3118 312 3210 Adseripait
332 3118 439 3184 Liber
462 3107 604 3203 Satyris
624 3111 825 3197 hircanisque
846 3119 987 3209 poetam
1042 3192 1051 3209 ·
1181 3187 1184 3196 k
1223 3191 1224 3194 Ἴ

34 3195 74 3261 rel
92 3204 162 3288 quia
182 3205 313 3290 semper
332 3205 432 3272 virent
462 3201 619 3281 hederae,
652 3200 735 3264 sicut
763 3216 903 3260 carmina
931 3201 1152 3258 aeternitatem
1177 3217 1181 3224 ¹

34 3301 191 3357 merentur.
234 3292 347 3357 Habet
370 3288 493 3369 fabula,
512 3289 625 3374 regern
647 3281 809 3361 Thraciae
829 3272 1037 3368 Lycurgum,
1075 3276 1193 3344 dum3⁵

33 3383 228 3444 contemnens
239 3376 406 3444 Bacchum
423 3376 490 3464 ejus
505 3368 785 3460 amputaretvites,
808 3385 902 3430 crura
919 3385 977 3431 sua
992 3361 1151 3430 incidisse.

34 3447 149 3536 Revera
170 3475 291 3542 autem,
312 3461 499 3528 ‘ut-Servius
522 3459 617 3540 dicit,
641 3452 814 3529 abstemius
835 3449 906 3530 fuit,
927 3471 1009 3538 quos
1028 3461 1154 3516 constat
1262 3497 1264 3511 .

32 3543 151 3615 acrioris
173 3562 311 3617 naturae
331 3544 521 3632 essesquod
542 3545 635 3613 etiam
657 3541 699 3606 de
714 3534 934 3628 Demosthene
954 3534 1073 3604 dictum
1095 3544 1154 3609 est.

105 3635 136 3699 5.
179 3635 254 3702 Gur
274 3631 316 3698 de
337 3631 483 3712 Semele,
507 3654 582 3696 una
603 3627 743 3694 ‘filiarum
778 3619 910 3708 Cadmi,
945 3618 1153 3686 Joveiuluri·
1262 3647 1264 3653 ·

33 3725 134 3797 nante,
165 3733 259 3788 natus
282 3719 502 3806 perhibeatur,
535 3714 609 3783 nihil
629 3736 682 3780 me
703 3707 789 3798 quod
812 3706 895 3773 tradi
916 3702 1194 3805 digriumjudi-‹to
1274 3717 1279 3722 ’

33 3805 158 3870 caverim
195 3806 315 3892 legisse
355 3798 490 3882 memini.
550 3802 626 3866 Hoc
662 3809 767 3863 tauron
802 3815 866 3858 non
891 3801 1154 3879 praetermittere
1255 3843 1261 3852 ,

32 3875 114 3968 duxi,
151 3893 241 3979 quod
273 3892 317 3958 lv
349 3899 439 3970 erant
466 3907 612 3962 sorores,
652 3884 729 3960 luo,
764 3881 927 3978 hutono'c',
963 3875 1089 3942 Semela
1119 3886 1156 3976 ,et

32 3963 149 4056 Ᾰὲθϊθς
176 3977 290 4044 ‘et'lV
314 3986 404 4054 suut,
426 3984 461 4039 ut
482 3972 527 4038 ait
546 3971 756 4056 Fuigentius,
777 3965 937 4032 ebrietatis
958 3983 1100 4048 garrera,
1122 3961 1156 4028 rd

33 4067 75 4120 ast
96 4060 408 4142 rinolentia,rerum
434 4058 564 4136 oblivio,
586 4054 696 4134 libido,
717 4049 846 4118 insania.
892 4049 998 4113 Prima
1020 4061 1177 4149 natuque(

32 4153 72 4206 ⁰⁵t
91 4144 172 4225 Ino,
211 4171 297 4234 quae
324 4147 445 4217 riuum
471 4143 718 4231 interpretatur;
751 4133 892 4221 seeundo
923 4136 1086 4214 hamund,
1121 4133 1195 4202 idas

31 4236 90 4308 est,
122 4255 160 4302 se,
179 4232 262 4320 ipso
282 4255 350 4301 non
371 4247 597 4320 cognosceus,
634 4225 727 4314 tertia
748 4221 894 4305 Semele,
927 4242 1012 4308 quae
1032 4241 1155 4308 eorpus

592 4347 598 4384 r
632 4371 634 4382 .
803 4331 810 4356 ’
1147 4327 1150 4335 “
