2698 4804
194 174 281 322 adr
341 309 345 317 fl
443 185 448 242 ³
514 219 696 322 nryqu.
725 219 798 294 ru·
851 218 897 291 a..
941 195 1013 291 ur.
1130 261 1156 318 4

197 379 294 476 Unde
316 415 349 473 et
369 406 486 474 bestias
507 403 690 494 qudslib'et,
705 403 849 473 volucres
870 403 1050 485 etfluvios,
1079 409 1158 472 sata
1181 411 1215 470 et
1236 403 1323 468 erbo

196 517 250 562 res
272 493 387 560 dicitur
408 492 551 559 movisse.
605 492 852 594 Sichmplu'ou,
889 489 1076 558 'Phubarum
1099 487 1263 566 conditor,
1299 499 1325 554 et

196 582 267 669 ipse
292 578 442 646 ‘oratoria
477 576 629 646 facultate
653 567 809 658 eximius,
855 587 949 644 cantu
977 575 1114 665 lapides,
1153 585 1188 641 ut
1220 585 1325 661 sponte

80 700 84 709 ι
201 671 353 732 coeuntes
372 677 495 729 murum
519 664 730 741 conficerent,
762 663 893 751 lingitur
913 661 1062 740 illexisse;
1096 659 1185 750 quod
1199 657 1324 745 stupidis

176 761 295 818 santes
329 749 507 814 hominibus
538 748 676 837 et'jpris
710 749 830 835 ignaris
868 748 1097 836 dispersimque
1131 745 1325 833 degentibus,

201 849 236 904 ut
258 835 469 912 conuenirent,
492 833 620 899 civiliter
642 835 842 901 conviverent
863 833 960 900 etad
977 832 1139 922 ‘publicam
1170 829 1326 899 tuitionem

81 925 91 986 ζ
200 922 324 989 moenia
360 930 599 999 construerent,
637 916 783 986 melliflua
814 919 958 986 oratioue
989 916 1190 1008 persuaserit.
1250 919 1327 979 Sane

201 1007 362 1094 Orpheus
383 1005 517 1092 optima
544 1025 613 1067 vox
638 1006 879 1093 interpretatur,
916 1003 957 1069 de
991 1023 1054 1092 quo
1084 1002 1167 1068 hunc
1198 1001 1227 1066 sc
1246 1001 1327 1065 ¹clam

202 1093 397 1178 confingunt.
449 1088 600 1174 Orpheus
619 1088 810 1180 'Eurydicen
840 1089 1023 1192 Npmpham
1038 1088 1172 1166 ¹amarit,
1202 1107 1328 1174 eamque

160 1201 282 1251 ansono
304 1177 445 1243 citharae
465 1172 625 1252 mulcens,
642 1198 787 1246 ,uxorem
812 1173 910 1245 doxrt.
953 1175 1057 1249 Quam
1079 1171 1154 1240 dum
1176 1173 1328 1238 Aristaeus

201 1273 311 1354 pastor
329 1279 451 1326 ‘amans
481 1267 686 1345 sequeretur,
701 1268 706 1274 '
724 1261 850 1350 fugiens
884 1261 915 1325 in
944 1255 1126 1348 serpentem
1161 1257 1273 1323 incidit
1305 1267 1329 1320 et

201 1359 329 1416 mortua
358 1358 415 1412 est.
473 1341 612 1431 Propter
651 1347 734 1412 hanc
770 1346 900 1412 maritus
936 1344 978 1411 ad
1008 1345 1127 1410 inferos
1162 1340 1329 1423 descendit,

38 1459 53 1488 x
144 1434 372 1522 ,flegemqne
409 1429 549 1532 accepit,
593 1441 640 1494 ne‘
658 1437 745 1505 'eam
763 1430 1178 1518 ‘conversus,‚re‘spiceret.
1232 1429 1330 1502 Quam

203 1538 376 1585 conversus
399 1537 433 1580 as
456 1536 573 1593 rcrens,
601 1516 714 1602 iterum
735 1515 883 1606 perdidit.
924 1515 1025 1594 Haec,
1041 1513 1148 1580 l'a'bula
1172 1514 1248 1579 artis
1273 1533 1329 1578 mu-

161 1606 290 1676 lssicae
310 1602 396 1690 juxta
448 1599 622 1686 algentium
645 1599 822 1690 designatio
846 1612 902 1668 est.
947 1599 1097 1690 Orpheus
1112 1598 1194 1664 enim
1203 1600 1331 1746 plstirna

204 1711 288 1766 vox,
313 1698 350 1754 ut
371 1685 523 1765 diximus,
554 1685 796 1776 interpretatum
822 1683 1182 1774 'Floridice'projundo
1229 1681 1331 1767 ijmti-

202 1772 305 1839 cotio.
346 1771 442 1836 Hanc
464 1770 631 1858 Orpheos,
661 1772 766 1840 idest
785 1772 1047 1860 quivis'musicae
1069 1789 1199 1856 operam
1219 1768 1331 1854 impen-

204 1856 301 1936 dens,
334 1856 393 1922 sibi
416 1855 567 1943 conjungi
595 1865 684 1943 optat
713 1869 746 1925 et
768 1856 887 1924 cithara
908 1855 1043 1923 illectam
1072 1855 1162 1921 ducit
1189 1873 1331 1928 uxorem

227 1942 279 2007 uia
299 1941 515 2030 quimusicae
535 1940 661 2026 studet,
686 1942 753 2010 *nisi
774 1940 1077 2011 secretiorem‘artis
1091 1940 1188 2028 ipsius
1210 1937 1331 2026 proluu-

162 1965 337 2101 noditatem
375 2013 633 2114 comprehendit,
678 2029 817 2095 musicus
856 2049 927 2093 esse
957 2049 1019 2093 uon
1049 2035 1171 2114 potest,
1205 2021 1333 2108 ideoque

206 2135 277 2178 earn
299 2113 412 2178 crebra
430 2122 463 2178 et
486 2111 657 2180 artificiosa
686 2115 771 2181 rhcis
800 2111 1016 2180 modulatione
1046 2109 1174 2177 tandem
1202 2106 1332 2194 assequi-

126 2267 130 2280 ,
205 2211 267 2268 tur.
324 2199 417 2264 Haec
440 2219 514 2264 vero
536 2197 687 2264 scientiae
703 2195 842 2267 altitudo
864 2196 1226 2291 quantumahoptimis
1258 2213 1332 2260 amu-

205 2297 276 2363 tur,
322 2283 404 2351 siout
443 2285 483 2348 ab
520 2284 664 2350 Aristaeo
685 2282 854 2374 (ἄριστον
888 2283 986 2360 enini⁸
1012 2283 1140 2346 Graece
1172 2279 1333 2366 optineam

207 2368 359 2454 dicitur),
381 2377 513 2434 'tantum
537 2367 789 2434 communionem
810 2369 974 2441 hominum
993 2367 1112 2448 renuit}
1147 2367 1260 2452 s'srque
1279 2381 1333 2428 ser-

165 2454 309 2546 sspentis
330 2455 396 2520 ictu
429 2454 578 2534 moritur,
613 2455 686 2540 quia
710 2453 827 2520 'nimiae
856 2453 1032 2520 subtilitatis
1064 2475 1141 2518 suae
1168 2452 1337 2534 intercepta

44 2564 49 2574 ·
152 2545 159 2556 ’
207 2539 357 2618 secretis,
390 2537 473 2606 velut
496 2538 537 2604 ad
558 2539 914 2626 idleros'traosmlgrat.
958 2537 1028 2609 Sed
1045 2539 1116 2628 pest
1139 2537 1221 2605 hauc
1245 2549 1335 2599 artem

118 2667 120 2672 ,
207 2623 433 2711 exquirendam
456 2636 553 2712 atque
571 2623 753 2692 elevandam
783 2649 843 2691 rox
872 2646 990 2698 canora
1017 2621 1206 2700 deseendit,
1247 2631 1282 2685 et
1306 2637 1338 2680 ne

209 2733 280 2776 eum
304 2710 471 2798 resplclat,
506 2710 709 2797 prohibetur,
747 2721 780 2776 et
799 2711 874 2778 drnu
897 2709 999 2790 ridet,
1036 2707 1158 2792 'emittm
1207 2705 1295 2770 Nam
1314 2709 1348 2788 ll

210 2795 458 2886 perlectissimus
485 2795 691 2886 Pythagoras
712 2795 788 2862 dum
810 2798 841 2864 in
864 2796 1004 2862 musicae
1035 2791 1242 2882 inquisitione
1263 2791 1338 2855 labo

50 2873 57 2888 ’
170 2891 316 2959 sereret,
349 2880 615 2970 symphoniusque
644 2881 823 2975 ponderum
844 2905 883 2948 ac
903 2895 1104 2946 numerorum
1138 2871 1348 2966 proportioni¹

212 2969 272 3034 bus
295 2973 478 3055 coaptaret,
513 2969 649 3036 effectus
679 2981 784 3036 tamen
815 2967 971 3034 rationem
993 2965 1130 3032 reddere
1151 2969 1214 3029 non
1242 2957 1339 3056 potuit

296 3053 348 3116 21.
392 3051 543 3140 Remigio
564 3065 670 3120 tamen
688 3055 730 3122 de
751 3055 815 3121 hoc
836 3055 991 3140 figmento
1012 3052 1101 3119 aliter
1122 3046 1260 3115 ridetur.
1302 3045 1340 3109 hrt

213 3136 313 3228 enim,
346 3135 529 3226 Eurydicen
550 3139 638 3211 ideo
655 3140 779 3230 Orphei
811 3138 927 3205 dictem
951 3158 1023 3204 esse
1040 3135 1247 3232 conjugem,
1279 3128 1342 3217 ,quit

214 3220 383 3288 facundiae
414 3237 529 3307 comes*
553 3224 651 3292 debet
676 3227 748 3302 esse
778 3223 938 3292 discretio.
996 3224 1072 3322 Ipsa
1093 3244 1169 3288 vero
1204 3225 1344 3307 serpente

173 3307 302 3378 celasse
324 3307 371 3372 ad¹
385 3307 544 3376 infernum
568 3309 744 3389 descendit,
766 3333 862 3398 quum
884 3309 1029 3377 terrenis¹
1043 3306 1193 3374 inhiando
1212 3319 1343 3371 comme

215 3391 264 3458 dis
285 3413 422 3459 veneno*
440 3395 611 3498 iniquitatis
640 3397 682 3464 ad
712 3395 870 3464 sinistram
889 3399 1019 3482 partein
1051 3393 1235 3461 inflectitur.
1292 3377 1347 3472 Sed

73 3552 79 3556 ,
146 3543 149 3550 ,
216 3477 339 3566 Orphei
370 3480 563 3548 carminrbus
599 3479 649 3548 ad¹
670 3506 707 3550 su
732 3502 805 3550 eros
821 3491 1030 3560 revocatur,
1070 3503 1169 3569 quum
1196 3475 1347 3565 luculeutq}

107 3584 113 3604 2
218 3564 364 3630 oratione
393 3565 473 3630 lucri
502 3567 691 3634 stimulusa
745 3568 937 3656 aequitatem
952 3641 955 3649 ,
970 3567 1183 3644 refonnatur.'
1234 3559 1339 3628 Sede

166 3674 169 3687 ¹
218 3651 365 3738 respicit,
402 3641 574 3720 retrahitur
595 3652 640 3719 ad
659 3663 805 3732 terrena,
839 3675 899 3718 nec
920 3653 1023 3720 oranti
1045 3652 1181 3740 Orpheo
1202 3646 1347 3740 redditur«

179 3733 316 3801 toNam
326 3759 423 3822 quum
444 3746 588 3807 terrenus
610 3739 732 3806 animus
748 3736 1042 3805 ·saecularia·nimis
1065 3733 1289 3829 concupiscit,
1313 3743 1346 3790 ru

221 3843 294 3886 eum
316 3823 541 3911 aliquaoratio
564 3823 606 3890 ad
628 3835 743 3893 statum
766 3823 964 3894 rectitudinis
994 3823 1106 3974 erigit,
1139 3823 1212 3912 quia
1238 3843 1262 3884 a
1283 3819 1346 3882 Pro

39 4001 47 4010 ἱ
158 3975 168 3999 ,
220 3907 365 3994 serpina,
398 3906 430 3971 id
461 3918 510 3974 est
540 3910 675 3980 maxima
704 3912 847 3978 vitiorum
878 3921 1007 3976 tenetur
1036 3909 1212 3977 iecehra„
1260 3901 1346 3971 Porrl

203 3991 351 4082 ‘Seruius
373 3992 537 4080 Orpheum
556 4017 668 4065 revera
684 3998 825 4064 'animam
846 3995 992 4086 conjugis
1011 3992 1198 4082 quibusdam
1214 3985 1346 4060 carmini

222 4079 283 4142 bus
306 4075 463 4144 reducere
484 4080 619 4148 voluisse
640 4083 733 4161 dicit:
763 4080 850 4171 quod
873 4082 946 4167 quia
970 4101 1033 4145 non
1053 4080 1172 4168 potuit,
1202 4097 1228 4140 a
1254 4071 1334 4166 poeti

181 4163 338 4249 csinquit,
371 4164 504 4250 lingitur
531 4180 693 4258 receptam
717 4168 784 4326 qam
814 4167 985 4256 conjugem
1016 4164 1085 4232 dira
1113 4162 1269 4230 Plutonis
1299 4163 1346 4241 lep

159 4284 161 4292 ·
220 4244 407 4333 Ρθῐᾶἷάῐδδθ·
452 4249 548 4324 Quod
572 4265 603 4319 et
628 4253 791 4339 Virgiium
814 4252 877 4320 vult
898 4249 1077 4321 ostendisse
1107 4246 1273 4316 diceudo:
1345 4279 1346 4353 q

1335 4089 1346 4164 ᾧ

1235 4417 1245 4448 l
