2698 4804
242 239 243 244 ‘
342 285 523 387 ltprogt.
549 245 634 359 m.
677 283 739 360 ro.
794 283 833 359 a
1073 273 1156 364 aar

54 463 200 534 allaccbo
220 465 403 556 postularit,
436 476 471 544 ut
498 464 581 534 mala
610 464 792 535 desiderata
818 477 991 550 averteret,
1023 483 1158 558 respon
1211 491 1213 495 ·

53 572 166 639 sumque
183 575 258 619 acce
279 554 320 634 it,
353 554 404 618 ut'
421 573 513 620 suum
546 551 684 620 Pactolo.
706 553 802 619 fluvio
824 575 861 618 ca
885 567 921 620 ut
952 577 1011 638 sup
1034 569 1154 624 oneret.

52 633 111 706 Quo
130 637 230 717 sacto,
258 577 408 703 l'aetolus
430 660 543 704 aureas
568 659 681 704 arenas
701 639 805 705 traxit.
854 577 1034 726 liraxplcbib
1055 643 1154 708 bomi-

49 740 110 786 num
132 721 289 810 cupiditati
309 723 392 806 hanc
413 721 522 790 mount
542 721 682 790 fabulam
702 721 878 790 allusisse*
895 725 1051 792 Avaritiae
1071 729 1155 800 enim

49 803 260 892 deservientes,
295 819 327 874 et
348 829 472 895 semper
494 828 605 874 aurum
628 830 719 874 suum
741 820 967 911 augmentare,
1005 823 1038 878 et
1059 812 1100 878 de
1121 835 1180 882 rea

46 890 168 970 qualibet
189 891 393 980 multiplicare
414 893 594 980 cupientes,
616 891 700 960 fame
720 897 914 979 moriuntur}
945 896 1031 980 uerbi
1053 899 1159 984 gratia

46 972 154 1056 Midas,
182 981 234 1068 qui
257 979 405 1045 avaritiae
424 977 567 1056 deditus,
599 976 676 1046 licet
696 977 724 1045 ei
746 1001 858 1046 aurum
880 978 922 1043 ad
942 979 1062 1050 libitum
1083 1007 1159 1074 sup-

44 1073 173 1145 peteret,
208 1064 332 1128 minime
355 1075 460 1132 tamen
484 1063 573 1129 bouis
594 1063 658 1130 suis
691 1062 775 1131 vesci
795 1063 949 1131 sustinuit.
1004 1068 1161 1135 Scribitur
1216 1094 1219 1104 ¹

45 1157 138 1212 autem
159 1147 191 1213 in
212 1149 342 1214 historia
362 1147 404 1212 de
425 1173 482 1227 eo,
519 1146 608 1236 quod
640 1147 772 1238 collecta
797 1151 1001 1239 pecuniarum
1030 1173 1161 1219 suarum
1195 1179 1197 1189 ’

43 1251 168 1311 summa,
200 1233 368 1300 Pactolum
390 1235 539 1320 fluvium,
568 1232 623 1321 qui
685 1255 820 1307 runum
843 1244 964 1302 tantum
985 1235 1109 1302 alveum
1127 1239 1202 1312 in10

44 1336 121 1380 mare
142 1315 353 1398 decurrebat,
385 1342 444 1406 per
473 1316 636 1384 innumera
660 1320 715 1386 iles
745 1331 870 1388 meatus
898 1320 939 1386 ad
965 1316 1162 1407 irrigandam
1197 1379 1198 1382 ,

42 1401 221 1485 prouinciam
252 1403 454 1483 derivarerit,
486 1402 684 1490 sieque'sua
711 1425 849 1493 expensa
877 1405 1013 1494 pecunia
1032 1407 1163 1473 fluvium
1214 1441 1220 1457 x

30 1486 162 1554 'l'ertilem
201 1488 387 1555 reddiderit.
445 1487 517 1564 Qua
555 1488 587 1554 in
623 1510 660 1554 re
726 1493 777 1558 uia
810 1511 942 1558 censum
977 1493 1162 1571 consumsit,

45 1586 129 1657 eaput
158 1575 256 1640 fluvio
287 1574 404 1640 dicitur
441 1573 655 1661 supposuisse.
689 1647 691 1654 y
744 1575 845 1642 lurius
887 1597 1015 1665 quoque
1049 1598 1162 1647 aureas

43 1677 143 1724 arenas
165 1662 301 1727 traxisse
323 1659 455 1736 dieitur,
495 1658 582 1746 quod
613 1656 750 1748 frugifer
778 1661 882 1734 sactus
903 1673 961 1730 est.
1004 1660 1161 1750 Denique,
1169 1684 1204 1734 15

43 1754 74 1805 ut
94 1744 242 1826 diximus,
271 1744 391 1823 Midas,
422 1740 527 1819 idest
549 1743 624 1809 nibil
644 1745 747 1811 sciens
770 1745 873 1813 dictus
895 1756 961 1827 est,
982 1747 1068 1835 quod
1091 1771 1165 1816 ara·

41 1847 88 1890 rus
108 1829 187 1922 adeo
218 1830 335 1898 stultus
355 1839 421 1910 est,
452 1840 488 1896 ut
508 1827 567 1895 sibi
585 1829 742 1918 prodesse
761 1852 825 1898 uon
844 1828 937 1900 norit.
1042 1829 1046 1842 ”
1132 1852 1135 1864 ·

114 1995 144 2060 9.
185 1997 264 2086 Ope
284 1993 446 2063 Mineruae
465 1989 677 2064 Prometheus
708 2017 784 2066 usus
813 2005 878 2080 est,
913 1993 956 2084 de
987 2022 1052 2088 quo
1083 1996 1167 2066 hanc

42 2073 405 2168 sabulampconfingunt.
464 2078 676 2148 Prometheus
710 2083 944 2154 hominemex
981 2083 1048 2152 luto
1078 2085 1165 2165 lecit,

43 2181 168 2252 eumque
189 2167 397 2242 inanimatum
431 2178 527 2255 atque
559 2165 768 2236 insensibilem
800 2168 898 2234 finxit.
952 2168 1054 2257 Cujus
1083 2189 1208 2257 aposto

42 2241 169 2322 Minerva
190 2253 325 2331 mirata,
365 2249 535 2340 spopondit
563 2250 591 2315 ei
622 2250 674 2340 qui
716 2251 772 2318 uid
793 2252 897 2320 vellet·
916 2251 958 2340 de
979 2251 1071 2320 donis
1093 2277 1167 2322 cue-

42 2325 158 2402 lestibus
183 2338 228 2418 ad
250 2361 333 2425 opus
353 2360 447 2406 suum
462 2334 646 2426 juvandum.
712 2336 750 2403 lle
780 2359 816 2402 se
841 2337 975 2428 minime
997 2340 1081 2406 scire
1112 2339 1167 2417 ait,

40 2437 119 2500 quae·
134 2423 220 2488 bona
244 2425 277 2486 in
303 2417 491 2488 caelestibus
512 2422 721 2504 haberentur3
756 2414 814 2488 sed
836 2421 862 2486 si
881 2423 951 2488 lieri
971 2434 1098 2510 posset,
1130 2434 1169 2489 ut
1198 2436 1200 2440 ’

40 2524 70 2564 se
89 2527 189 2593 usque
212 2509 257 2573 ad
276 2530 408 2596 superos
433 2505 585 2586 elevaret,
608 2504 714 2598 petiit,
747 2517 782 2573 ut
804 2503 879 2597 quid
901 2531 959 2574 suo
981 2507 1070 2596 operi
1091 2529 1167 2573 cou-

36 2603 180 2672 grueret,
214 2595 287 2682 ipse
311 2605 463 2670 ,cerneret
491 2601 524 2658 et
555 2592 696 2678 eligeret.
749 2591 805 2660 Illa
833 2613 913 2680 ergo
947 2616 1021 2660 eum
1053 2591 1227 2682 clypeoas,

38 2695 89 2737 suo
109 2677 297 2765 impositum
316 2677 348 2743 in
370 2677 491 2744 eaelum
514 2677 631 2762 detulit.
684 2675 752 2744 Illic
774 2699 871 2766 quum
892 2676 1013 2746 uideret
1032 2681 1169 2766 corpora

37 2759 181 2832 caelestia
221 2765 391 2846 flammatis
418 2763 553 2828 animata
584 2763 725 2850 vegetari
762 2763 949 2852 vaporibus,
992 2763 1169 2831 clanculum

36 2843 165 2914 ferulam
196 2860 293 2916 rotae
319 2849 444 2915 Phoebi
473 2845 651 2940 applicans,
684 2848 793 2934 ignem
825 2850 947 2918 furatus
975 2859 1040 2929 est,
1096 2871 1168 2914 uem

33 2934 152 3014 pectori
175 2934 342 3022 applicans
361 2932 519 3013 bominis,
543 2929 1020 3021 animatumreddiditcorpus.
1052 2871 1168 3000 ‘lient-
1249 2965 1280 2985 v

34 3036 92 3098 que
113 3019 256 3106 ligatum
278 3021 362 3085 *eum
394 3020 502 3084 lerunt
531 3015 645 3083 vulturi
665 3015 768 3106 jecur·
787 3040 928 3105 perenne
977 3017 1212 3087 raebentem.tc

32 3096 145 3172 Refert
165 3105 254 3172 Nica
283 3127 365 3184 oras,
387 3115 420 3170 et
440 3111 574 3171 testatur
593 3099 765 3169 Petronius
785 3104 920 3186 Arbiter,
972 3103 1171 3171 rometbeum
1206 3121 1210 3124 ·

29 3187 166 3270 primum
203 3125 329 3257 idolum
356 3188 528 3267 formasse,
567 3187 743 3275 uulturique
768 3185 859 3274 jecur
895 3187 1096 3279 praebuisse,
1131 3210 1170 3253 eo
1260 3219 1274 3242 κ

31 3273 115 3356 quod
133 3274 240 3341 invidi
262 3273 359 3341 dente
378 3297 452 3342 eum
466 3274 674 3349 ,detractionis
695 3273 943 3345 momorderint..
979 3274 1171 3361 Fulgentius

29 3378 101 3425 uero
142 3360 384 3432 Prometheum
421 3358 482 3426 xdei
511 3393 513 3402 c
525 3357 754 3446 providentiam
799 3359 912 3429 asserit
956 3359 1172 3449 interpretari:

29 3439 207 3514 Minervam
242 3468 319 3513 vero
354 3445 522 3512 caelestem
559 3467 631 3510 esse
660 3443 861 3532 sapientiam3
894 3444 1030 3512 divinum
1063 3447 1214 3530 ignemss

27 3531 222 3616 sapientiam
258 3529 305 3597 uel
336 3530 470 3596 animam
504 3529 644 3618 intelligi.
702 3529 817 3610 Divina
849 3531 950 3616 igitur
976 3530 1173 3618 providentia

27 3611 162 3684 Pallade
184 3619 238 3682 ins
264 3625 399 3695 ectaute,
415 3635 498 3702 quae
519 3614 580 3680 dea
602 3627 652 3681 est
672 3614 855 3702 sapientiae,
875 3615 909 3680 id
931 3627 980 3683 est
1000 3615 1174 3702 sapientem

26 3695 204 3770 bominem¹
234 3640 393 3781 ldrmans,
422 3701 465 3766 -ei
497 3710 533 3766 ut
554 3700 670 3768 vireret
701 3700 835 3767 animam
864 3723 936 3768 esse
963 3700 1183 3794 necessariam¹
1199 3743 1217 3774 =.

26 3786 121 3867 vidit,
168 3809 274 3875 quam
303 3787 332 3852 ei
362 3783 447 3852 uelut
473 3783 516 3850 de
546 3785 635 3851 caelo
648 3848 651 3855 .
665 3795 800 3854 tractam
832 3785 978 3854 diuinitus
1005 3785 1188 3873 inspiravit.

25 3866 144 3941 Merito
168 3885 284 3940 autem
306 3883 353 3940 et.
368 3894 389 3937 a
417 3869 484 3936 sole
516 3869 651 3938 faculam
681 3869 844 3951 accendit,
884 3870 971 3960 quod
999 3869 1217 3942 secundumsu

46 3955 182 4044 bysieos
203 3979 306 4046 quum
324 3959 366 4029 ab
390 3955 456 4023 aliis
475 3953 609 4058 planetis
630 3955 689 4022 alia
713 3956 921 4044 accipiamus,
953 3979 973 4022 a
993 3955 1061 4022 sole
1081 3955 1176 4022 ritum

23 3977 202 4108 babemus.
269 4042 542 4110 Vulturem'rero
574 4041 769 4129 Jecurejus
798 4052 979 4130 carpentem
1007 4041 1040 4107 io
1070 4041 1179 4126 figura
1301 4057 1303 4061 ·

21 4127 138 4195 muudi
166 4125 241 4195 uult
261 4127 379 4214 accipi,
400 4125 487 4214 quod
510 4137 543 4194 et
559 4125 653 4192 celeri
676 4124 812 4214 quadam
839 4126 1022 4196 volucritate
1041 4125 1179 4194 mundus

22 4225 200 4291 versetur,
247 4223 278 4278 et
298 4211 488 4282 cadaverum
511 4213 709 4278 nascentium
729 4210 1005 4300 accidentiumque
1033 4212 1179 4300 perenni⁴
1228 4291 1230 4300 p

22 4306 90 4366 tate
107 4299 330 4392 depascatur.
367 4297 529 4391 Denique
545 4309 582 4363 et
602 4297 688 4366 laeto
709 4295 1043 4368 homtnsl’andorum
1064 4296 1221 4364 diciturta

767 4408 847 4475 lt*
