2744 4788
896 47 899 54 ’
986 71 1001 104 e

189 243 267 331 l52
488 253 669 356 hlythogr.
697 254 748 325 lt'.
807 251 896 326 lliti.
926 189 1017 325 167.

188 441 322 508 duceret
341 440 373 504 in
394 437 544 530 patriam,
575 438 741 516 Deianira,
772 440 879 506 videns
909 439 965 506 riri
991 438 1127 513 animum
1149 461 1168 504 a
1189 461 1219 505 se
1236 439 1299 504 alie-

122 571 125 582 .
188 550 279 606 num,
301 527 417 604 verita,
439 547 480 590 ne
502 525 530 591 ei
576 524 653 590 elles
680 525 909 614 praeferretur,
931 525 1081 606 Herculi,
1109 524 1179 590 Jori
1199 527 1299 590 sacrifi-

188 625 317 691 caturo,
358 611 495 678 tunicam
529 546 675 696 plantam
708 609 796 678 dedit
824 633 882 700 per
912 610 1060 676 famulum
1088 611 1299 698 perferendam.

188 699 261 774 Qua
289 694 417 763 indutus
432 693 720 784 ‘Herculemquum
748 695 790 762 ad
811 715 898 762 aram
920 699 1122 773 accessisset,
1150 698 1235 762 restis
1261 699 1298 762 in-

162 782 300 863 ⁵caluit,
336 794 369 850 et
404 803 525 848 veneno
565 793 729 849 contracta
760 781 929 860 visceribus
958 783 1066 848 haesit
1117 781 1154 845 ln
1184 783 1299 847 marimo

185 871 294 956 itaque
315 868 458 939 cruciatu
482 885 580 955 quum
600 889 621 932 a
642 888 778 954 corpore
799 861 866 956 ejus
889 867 976 934 anelli
999 866 1163 954 nequiret,
1184 867 1299 933 Licham

186 953 335 1022 samolum
367 953 504 1023 muneris
538 971 629 1018 reum
656 952 802 1018 Euboico
821 953 909 1022 -mari
929 953 1088 1020 immersit
1141 951 1238 1026 Quem
1261 955 1300 1018 in-

185 1040 312 1106 noxium
332 1039 445 1127 culpae
465 1035 579 1115 'Piretis
600 1037 740 1104 vertitin
763 1038 936 1127 scopulum.
978 1038 1084 1112 Quum
1106 1049 1207 1104 autem
1230 1040 1300 1102 Her-

186 1125 272 1192 cules
300 1125 519 1200 intellexisset,
552 1120 593 1188 ad
620 1123 713 1190 vitam
734 1146 771 1190 se
784 1146 855 1190 ’non
876 1145 972 1212 posse
993 1121 1123 1200 reverti,
1154 1136 1185 1188 ct
1206 1125 1302 1188 veneni

143 1212 367 1278 anathemetur
395 1206 561 1288 inccndio,
595 1207 627 1273 in
652 1211 753 1275 Aetna
781 1221 888 1276 monte
913 1231 949 1275 ro
976 1227 1028 1274 um
1049 1206 1217 1276 voluntarie
1237 1233 1301 1273 mnn-

184 1295 324 1377 scendit,
346 1295 446 1364 etsie
467 1296 548 1360 inter
571 1291 649 1360 deos
667 1292 835 1378 translatus
857 1305 917 1366 est.
950 1229 1118 1360 llercules
1142 1317 1234 1383 quum
1252 1297 1301 1360 bo-

115 1427 118 1434 .
183 1384 298 1450 minem
325 1383 357 1448 in
388 1381 489 1448 Aetna
516 1390 625 1448 monte
653 1377 845 1467 deponeret,
879 1377 1064 1454 Philocteti,
1091 1380 1145 1465 qui
1181 1379 1235 1444 suit
1267 1381 1302 1445 de

182 1468 339 1535 Meliboea
361 1465 484 1532 civitate
505 1457 709 1544 Thessaliae,
738 1464 886 1533 Poeantis
907 1465 990 1544 filio,
1019 1464 1061 1529 de
1081 1465 1220 1530 omnibus
1241 1468 1304 1532 reli-

93 1628 98 1636 ,
183 1554 263 1642 quiis
285 1553 349 1620 suis
379 1549 547 1629 intimarit,
580 1563 613 1617 et
639 1571 679 1616 ue
708 1549 800 1636 alicui
830 1550 872 1617 de
900 1572 1036 1638 corpore
1064 1572 1123 1628 suo
1150 1549 1303 1630 indicaret,

141 1649 255 1706 lheum
270 1637 381 1729 jurare
403 1633 570 1724 compulit,
592 1635 684 1724 eique
703 1657 763 1723 pro
784 1655 914 1703 munere
935 1636 1087 1722 sagittas,
1110 1634 1226 1725 hydrae
1241 1639 1303 1705 selle

180 1726 313 1804 tinctas,
344 1721 481 1790 tradidit.
524 1719 644 1790 Postea
672 1722 813 1812 Trojano
842 1720 921 1786 hello
949 1744 1134 1809 responsum
1158 1735 1220 1800 est,
1250 1749 1302 1788 cn·

207 1809 286 1872 tacis
318 1807 486 1874 Herculis
516 1829 535 1868 o
560 1828 601 1869 us
632 1829 703 1870 esse
751 1809 799 1870 acl
842 1806 966 1888 Trojoe
1009 1809 1303 1892 expugnationem.

177 1831 326 1960 laventus
359 1894 467 1981 itaque
494 1890 523 1956 P
546 1890 689 1958 iloctetes
727 1912 823 1982 quum
855 1891 954 1978 primo
982 1903 1133 1978 negaret,
1171 1914 1220 1970 se,
1254 1895 1301 1958 nbi

178 1977 337 2045 Hercules
361 1989 460 2054 esset,
487 1975 587 2054 scire,
614 1975 741 2042 tandem
771 1977 934 2042 confessus
957 1988 1020 2053 est,
1053 1988 1205 2042 mortuum
1226 2001 1302 2044 esse.

136 2063 260 2130 eolnde
290 2086 386 2150 quum
413 2059 528 2128 acriter
552 2059 817 2134 adiudicandum
842 2064 908 2154 ejus
930 2061 1109 2149 sepulcrum
1131 2075 1297 2148 cogeretur,

178 2149 262 2238 pede
307 2148 441 2215 ercussit
460 2158 594 2226 terram,
626 2170 722 2234 quum
755 2149 850 2215 nollet
870 2148 987 2215 dicere.
1030 2147 1149 2213 Postea
1170 2169 1300 2236 pergens

177 2236 217 2301 ad
240 2173 370 2313 belum,
392 2256 488 2322 quum
511 2243 654 2300 uteretur
675 2232 817 2320 sagittis,
847 2233 938 2299 innius
960 2254 1036 2299 casu
1060 2232 1234 2301 vulneratus
1255 2246 1303 2302 est

176 2323 206 2386 in
236 2321 335 2409 pede,
354 2343 432 2407 -quo
462 2330 663 2404 percusserat
691 2319 854 2385 tumulum.
910 2319 1002 2404 Ergo
1035 2340 1131 2403 quum
1165 2333 1302 2405 putorem

171 2408 355 2472 insanabilis
370 2403 512 2470 uulneris
534 2405 652 2470 Graeci
675 2403 758 2468 serre
779 2427 842 2469 non
863 2415 1008 2492 possent,
1032 2404 1084 2469 diu
1098 2407 1302 2490 quidemeum

133 2515 235 2580 gypso
257 2491 377 2558 oraculi
398 2488 588 2556 necessitate
608 2489 756 2566 ductum,
778 2489 905 2556 tandem
928 2487 1012 2576 apud
1027 2489 1183 2556 Lemnum
1205 2493 1304 2558 subla·

176 2577 214 2644 tis
242 2577 435 2664 reliquerunt
465 2572 599 2657 sagittis.
642 2573 706 2638 Hic
735 2586 847 2660 postea
875 2574 1008 2640 horrore
1035 2575 1082 2640 sui
1113 2576 1247 2650 vulneris
1267 2576 1304 2642 ad

175 2663 307 2748 patriam
329 2659 434 2726 redire
455 2656 610 2742 neglexit,
631 2658 689 2724 sed
709 2658 767 2723 sibi
789 2681 915 2747 parvam
939 2658 1080 2726 Petiliam
1094 2662 1126 2726 in
1140 2663 1305 2728 Calabriae

174 2748 316 2833 partibus
340 2744 424 2811 fecit.
451 2741 547 2808 Dicta
568 2753 673 2810 autem
694 2744 827 2822 Petilia,
849 2744 936 2831 quod
958 2757 1031 2847 poet
1045 2745 1188 2816 relictum
1209 2749 1306 2828 Ilium,

174 2853 239 2920 quo
261 2830 438 2898 ducebatur
458 2849 478 2895 a
501 2828 653 2912 Graecis,
673 2851 744 2896 eam
763 2830 889 2918 petivit
911 2831 1075 2918 civitatem.
1103 2869 1110 2886 .

132 3071 168 3129 30
275 3118 279 3130 .
317 2995 411 3097 l66.
464 3019 657 3124 Asylum
694 3039 903 3125 nepotum
934 2967 1166 3104 Herculis.
1270 2993 1272 3005 .

165 3153 169 3172 ¹
258 3154 339 3222 Post
363 3174 451 3222 uam*
470 3151 626 3219 Hercules
655 3154 801 3241 migravit
828 3177 848 3219 e
876 3156 983 3234 terris,
1024 3157 1076 3222 filii
1111 3148 1310 3249 nepotesque

175 3239 242 3343 ejus
275 3177 421 3319 insidias,
450 3260 529 3325 qrras
554 3238 623 3326 ipse
650 3261 725 3304 avus
751 3240 960 3317 conflaherat,
986 3239 1148 3326 timentes,
1178 3247 1312 3313 Athenis

127 3373 134 3407 ,
176 3327 234 3392 subi
259 3326 349 3414 primi
379 3322 517 3413 asylum,
545 3323 608 3390 hoc
636 3337 684 3391 est
713 3325 860 3411 templum
890 3325 1023 3412 relugii,
1056 3327 1221 3408 lecerunt,
1251 3332 1311 3397 hac

177 3410 250 3497 leae
278 3421 519 3490 consecratum,
550 3421 586 3476 ut
609 3431 810 3497 quocumque
832 3411 961 3486 crimine
982 3433 1055 3480 reus
1077 3414 1119 3479 ad
1139 3413 1312 3483 id‘contu-

54 3511 58 3517 ‘
135 3506 287 3581 35geret,
307 3499 348 3574 ab
371 3494 454 3560 omni
476 3515 559 3560 noxa
577 3489 656 3559 liber
675 3509 768 3574 esset,
790 3495 953 3584 nullusque
971 3519 1042 3562 eum
1057 3499 1131 3576 inde
1144 3502 1314 3569 abducere

177 3581 317 3648 auderet.
360 3581 425 3646 Ubi
459 3591 491 3646 et
523 3580 654 3646 Orestes
683 3593 839 3659 extremo,
871 3583 971 3648 amico
1001 3579 1123 3672 Pylade
1145 3579 1314 3662 trahente,

178 3666 316 3753 resipuit.
356 3665 501 3734 Dictum,
523 3677 626 3732 autem
659 3666 764 3732 volunt
792 3665 929 3754 asylum,
960 3670 1049 3756 quasi
1080 3693 1100 3738 a
1129 3694 1201 3738 nore
1230 3685 1317 3738 tro-

126 3819 131 3825 ,
178 3749 286 3822 tiendo
307 3750 464 3838 spolium.
505 3751 581 3816 Hoc
601 3762 707 3818 autem
727 3751 886 3838 religionis
902 3752 955 3842 jus
978 3757 1144 3826 non-inest
1162 3761 1318 3828 omnibus

180 3835 319 3924 templis,
348 3834 405 3902 sed
433 3834 545 3923 quihus
567 3857 753 3906 concessum
776 3850 825 3905 cst
845 3838 918 3926 lege
936 3837 1197 3915 consecrationis.

89 3999 172 4127 '¹⁴⁰
400 4093 402 4104 ·
539 4013 949 4128 tetelmus.
1045 4011 1048 4017 Ι

264 4165 426 4266 Phorcus,
455 4149 608 4272 lPhoosae
636 4175 668 4241 N
690 4180 804 4267 mphae
829 4197 861 4250 et
884 4173 1023 4272 Neptuni
1047 4184 1145 4262 filius,
1169 4205 1233 4252 rex
1265 4183 1325 4250 suit

267 4272 335 4316 ΨΜ
361 4267 398 4362 'et
424 4253 596 4326 Sildffllfle·
657 4201 719 4338 dul
752 4289 847 4354 quum
877 4273 917 4342 ab
946 4269 1068 4341 Atlante
1086 4269 1178 4356 rege
1212 4267 1325 4338 navali
