2786 4800
84 421 247 492 radiorum
272 415 350 486 solia
371 429 405 487 et
429 433 584 486 cornuum
611 417 705 486 lunae
732 416 851 486 aimllla.
873 415 1006 486 '‘Ruhet
1029 407 1098 510 ejus
1121 419 1221 488 facies
1248 443 1256 472 ν

82 502 123 577 hd
151 505 294 574 aetheria
316 504 535 572 'imitationem
577 505 616 572 In
643 515 777 595 pectore
803 503 967 574 nebridem
995 504 1092 573 habet
1118 505 1222 572 stellas

79 610 168 674 tam,
213 591 256 658 nd
288 589 447 656 stellarum
477 591 660 677 imaginem.
683 589 864 664 *inferior
891 591 958 679 ejus
991 613 1066 679 pars
1099 591 1222 682 hispida

79 691 216 772 propter
238 677 387 758 arbores,
416 676 567 779 rirgrrltn,
599 679 692 744 seras.
743 675 900 765 Caprlnos
922 675 1020 764 pedes
1043 678 1156 757 habet,
1185 689 1221 744 ut

80 763 237 834 ostendat
261 774 368 912 terrap
396 761 598 866 aolrrlptatem.¹
618 760 799 914 liFip'tulapa
807 762 1247 917 hillel,{f,ll{,¹,¹l„⁰l'1³J¹,¹ffi,⁵

80 875 162 1004 llllll
178 859 536 1021 plirpgtiellnstarfflllrnlhrlh
559 869 770 998 hihcliminllc
794 892 924 1000 voculra.
951 925 954 932 ⁴
973 911 1111 1001 Curram
1141 956 1224 1024 ergo

81 1013 291 1110 calcenone
316 1016 430 1100 habet,
459 1017 569 1087 idest
590 1016 738 1104 pedum,
771 1020 845 1107 quia
869 1037 969 1086 annus
996 1021 1078 1088 lutra
1107 1043 1144 1087 se
1172 1043 1225 1088 re-

83 1109 196 1176 currit
247 1105 330 1181 Hic,
360 1103 558 1192 quiestotiua
572 1116 706 1170 naturae
727 1101 806 1171 deus
828 1116 894 1181 est,
923 1128 942 1171 a
966 1108 1068 1194 potitis
1091 1105 1226 1194 fingitur

87 1217 163 1260 cum
179 1193 297 1257 Amore
316 1187 378 1254 deo
399 1188 552 1268 luctatus,
576 1201 610 1254 et
627 1190 668 1254 ab
687 1191 865 1270 coriatus,
892 1191 966 1279 quia
986 1213 1084 1256 anaor
1105 1192 1267 1258 omnint·
1380 1243 1381 1248 ,

92 1277 213 1344 vincit.
256 1275 323 1342 Hic
344 1296 427 1426 erpo
447 1276 563 1342 amavit
583 1275 755 1363 Syringam
777 1274 987 1366 Nympham,
1010 1299 1105 1364 quam
1127 1299 1226 1364 quum

93 1365 331 1450 insequeretur,
365 1360 437 1444 ila,
475 1361 642 1452 implorato
675 1360 801 1428 'l'errae
834 1363 967 1442 auxilio',
1006 1363 1038 1428 in
1071 1361 1227 1430 calamum

95 1469 184 1515 versa
211 1457 282 1526 est3
321 1467 417 1535 quem
444 1446 516 1536 Pan
547 1444 591 1514 ad
619 1449 736 1520 amoris
763 1447 909 1517 solatium
937 1447 1067 1532 incidit,
1108 1462 1140 1516 et
1168 1447 1228 1516 sibl

94 1529 377 1603 fistulnmfeoit-

301 1686 306 1691 ’
455 1661 549 1771 l28.
608 1697 862 1776 Vulcanus.
995 1657 997 1664 v
1109 1653 1150 1742 ’Ν
1235 1740 1272 1792 15

174 1827 356 1905 Vulcanus,
389 1847 430 1892 eo
458 1823 546 1914 quod
575 1814 726 1895 deformia
756 1842 859 1906 esset,
892 1851 912 1895 a
939 1827 1123 1916 parentibus
1147 1825 1229 1908 suis,

88 1917 121 1986 id
143 1929 196 1984 est
219 1916 301 1981 Jove
321 1925 354 1981 et
374 1912 527 1992 lunone,
548 1923 680 2001 spretus
697 1925 764 1995 est,
794 1927 828 1982 et
846 1915 885 1979 in
913 1913 1048 1980 insulam
1070 1913 1230 1980 Lemnum

12 2065 16 2074 .
89 2002 346 2092 praecipitatus,
385 1998 512 2087 illicque
541 2019 562 2062 a
591 1998 698 2068 Sintiis
729 2001 872 2069 nutritus.
931 1998 998 2066 Hie
1029 2017 1126 2086 quum
1158 1999 1230 2065 Jovi
1261 2007 1263 2018 '

90 2089 225 2156 fulmina
249 2084 452 2164 ¹fabricaret,
496 2103 559 2148 non
595 2094 644 2151 est
676 2084 833 2153 admissus
869 2085 911 2152 ad
944 2083 1055 2188 epulas
1079 2085 1228 2151 deorum.

93 2175 218 2241 Postea
239 2193 336 2260 quum
357 2179 490 2256 rogaret
509 2179 632 2258 patrem
652 2192 745 2236 suum
760 2173 890 2254 Jorem,
914 2184 951 2239 ut
967 2169 1052 2236 rdem
1069 2170 1274 2239 Minervaeao

94 2257 282 2347 conjugium
308 2255 492 2334 sortiretur,
523 2276 711 2322 concessum
740 2269 789 2324 est
816 2257 874 2337 illi,
898 2257 933 2323 xsi
955 2277 1111 2321 concessu
1132 2255 1230 2342 ipsius
1294 2312 1297 2320 .

92 2346 260 2413 Minervae
287 2353 397 2429 posset
425 2340 503 2408 lieri.
563 2339 620 2408 Illa
648 2353 754 2408 autern
784 2364 925 2412 amorem
954 2341 1022 2432 ejus
1052 2353 1231 2431 spernente,

91 2444 131 2498 et
161 2429 290 2496 nimium
305 2426 511 2508 reluctante,
548 2437 720 2497 natusest
746 2451 841 2517 puer.
872 2426 1058 2507 draconteis
1087 2427 1231 2526 pedibus,

92 2517 152 2605 qui
179 2514 354 2604 appellatus
376 2523 426 2579 est
446 2510 689 2592 Erichthonius,
719 2515 809 2604 quasi
831 2512 874 2581 de
895 2526 991 2581 terro
1014 2523 1046 2578 et
1068 2512 1132 2577 lure
1156 2536 1232 2602 pro-

92 2615 246 2670 creatus:
277 2621 348 2664 nam
377 2603 444 2683 ἔρις
461 2612 521 2666 ,εει
546 2597 610 2676 lie,
637 2593 732 2692 χθών
753 2611 862 2666 terro.
910 2599 977 2666 Hic
1001 2597 1042 2665 ad
1067 2597 1275 2668 celandumne

91 2686 219 2778 pedum
261 2683 466 2759 foeditatem,
503 2683 623 2774 junctis
663 2685 773 2772 equis,
817 2705 894 2754 nsua
929 2695 979 2754 est
1011 2705 1128 2768 curru,
1169 2709 1234 2777 quo
1269 2696 1273 2706 ’
1378 2721 1381 2742 r

91 2772 300 2862 tegeret‘sui
320 2770 466 2859 corporis
485 2767 722 2858 turpitudinem.

479 2921 575 3026 l29.
628 2955 850 3030 Phorcus.

117 3139 124 3165 Ι
185 3081 336 3152 Phorcus
365 3082 521 3151 Thoosae
552 3081 636 3172 Nym
659 3085 722 3151 hae
754 3095 788 3152 et
817 3083 959 3172 Neptuni
990 3086 1071 3164 lilius
1102 3083 1233 3154 dicitnr:

96 3185 272 3247 utentem
301 3171 403 3254 Varro
433 3169 526 3249 dicit,
554 3190 611 3236 rex
635 3109 870 3238 llio-corsicae
891 3184 924 3238 et
945 3173 1121 3240 Sardiniae.
1173 3173 1278 3246 Quiut

98 3283 200 3349 quum
233 3259 274 3324 ab
303 3255 425 3324 Atlante
454 3276 536 3342 rege
563 3255 665 3322 navali
682 3257 865 3324 ,certamine
894 3279 968 3324 cum
1001 3280 1118 3346 magna
1148 3279 1238 3322 exer-

101 3348 185 3446 citue
207 3356 300 3431 parte
321 3341 433 3409 luisset
453 3341 603 3423 obrutus,
630 3345 791 3413 finxerunt
809 3341 888 3438 socii
908 3343 976 3435 ejus
997 3367 1070 3412 eum
1088 3345 1121 3409 in
1143 3341 1239 3410 deum

102 3451 258 3510 manlium
281 3449 353 3494 esse
373 3449 578 3502 commum„
627 3481 629 3486 .
1174 3497 1179 3530 ι

251 3611 371 3700 15Ο.“
400 3613 516 3716 Tres
548 3609 774 3712 Gorgones
807 3625 848 3688 ct
874 3571 1097 3718 Perseus(
1130 3705 1136 3720 ι
1230 3681 1233 3686 ,
1267 3671 1272 3682 .
1336 3571 1340 3577 ¹

185 3744 340 3811 Phorcus
361 3751 426 3810 tres
448 3740 559 3824 hahuit
578 3739 675 3816 filias,
698 3739 838 3821 Stheno,
861 3741 1038 3834 Euryalen,
1051 3739 1280 3824 'Medusumue

102 3853 189 3920 qnae
208 3853 274 3895 uno
296 3828 529 3895 contuebantur
550 3826 661 3906 oculo,
684 3838 723 3903 ,et
744 3839 931 3896 contuentes
952 3831 984 3895 in
1006 3827 1141 3914 lapidem
1163 3850 1240 3894 oon*

104 3918 293 3988 vertebant:
334 3913 420 3980 unrle
447 3923 480 3980 et
511 3915 739 4016 Gorgones
768 3913 875 3980 dictae
903 3938 923 3980 n
951 3926 1101 3980 terrore:
1136 3909 1240 4002 yopyol

105 4024 249 4089 namque
280 4002 408 4068 Graece
441 4009 552 4064 terror
579 3997 711 4068 „dreitun
772 4001 895 4066 Contra
929 4021 1008 4086 quas
1045 4000 1156 4072 missus
1192 4011 1242 4066 est

107 4089 252 4154 Perseus
281 4107 354 4153 eum
382 4082 560 4176 crystallino
589 4082 617 4150 cl
641 4105 702 4170 peo
729 4095 764 4150 et
790 4085 908 4172 harpe,
947 4083 1034 4170 quod
1062 4099 1112 4152 est
1137 4107 1241 4172 genus

108 4173 219 4242 falcati
247 4169 319 4253 teli3
349 4183 389 4240 et
413 4169 570 4261 adjutorio
630 4171 758 4238 inerrne
785 4192 839 4234 eas
867 4170 1053 4239 interfecit*
1087 4171 1141 4237 Re
1168 4192 1284 4242 vernon

107 4274 177 4328 tres
210 4257 338 4324 luerunt
366 4278 494 4326 sorores
524 4254 615 4330 unius
643 4253 901 4350 pulchritudinum
932 4256 1031 4326 nrrolev
1047 4259 1155 4327 lictum
1183 4256 1256 4336 est,
