2716 4794
248 271 252 277 Ι
309 103 607 255 mytonem(
647 151 688 227 c.
743 151 940 232 tr-rs
1015 87 1022 94 ’
1120 115 1200 274 sno
1291 163 1297 178 ⁴

66 335 231 488 'plipuando
269 362 307 406 ex
346 337 552 490 neglugfintia
584 337 757 428 superioris
792 341 953 432 praevalet
980 323 1127 421 lulerlor,
1165 354 1199 413 et

137 425 191 492 ucit
215 425 415 512 superiorem.
489 436 519 492 st
537 424 635 492 etiarn
655 423 687 491 in
714 425 777 494 hac
798 427 905 513 figura
925 425 1027 497 ddum
1055 437 1088 496 et
1116 425 1195 498 Era.
1325 439 1329 446 '

22 513 23 520 ’
91 508 118 572 Si
140 510 210 578 enim
234 509 336 580 ,Adam
357 509 509 599 ,superior
535 532 572 579 se
593 509 717 583 ratione
737 511 889 594 rexisset,
920 535 984 582 non
1013 513 1097 580 illurn
1124 515 1196 582 Eva

86 591 192 694 inferior
214 595 396 665 seduxisset.
438 596 527 664 Hinc
547 608 612 678 est,
643 595 732 685 quod
752 596 930 685 philosophi
952 601 1105 667 rationem
1127 622 1196 668 ma·

85 698 125 762 gns
152 692 181 748 et
206 683 399 770 opinionem,
438 703 535 770 quam
565 681 728 750 veritatem
762 687 973 771 exequentes„
1007 685 1220 757 detrimenta!

84 763 186 832 animae
212 767 273 838 hoc
304 767 402 838 modo
430 779 463 834 et
490 767 617 858 poetice
644 768 805 856 inquirunt
837 781 869 836 et
890 791 926 835 se
955 769 1198 859 deprehendere

81 859 183 934 putant
224 854 258 920 Si
279 856 384 923 anima
405 865 535 920 aeterna
556 864 624 934 est,
649 853 754 944 ajunt,
782 864 816 922 et
836 854 949 920 summi
972 857 1099 943 spiritus
1122 880 1197 960 pars

80 933 189 1034 ⁸(omnes
209 941 290 1006 enirn
311 941 343 1008 in
365 939 469 1006 anima
490 935 553 1008 deo
574 935 690 1008 similes
716 940 793 1006 lacti
814 939 960 1025 sumus),
988 949 1052 1036 qua
1072 955 1197 1010 renone

79 1041 251 1113 incorpore
279 1049 342 1092 non
369 1037 471 1094 totum
499 1022 601 1104 sidet,
632 1047 693 1092 nec
727 1035 836 1094 tantae
865 1039 914 1092 est
937 1025 1129 1106 vivacitatis,
1160 1041 1197 1097 ut

80 1109 167 1176 omnia
196 1112 294 1196 possit
320 1110 669 1200 agnoscentem,
703 1110 863 1199 inquiunt,
896 1133 996 1199 quum
1028 1115 1136 1200 coepit
1164 1116 1241 1186 iulo

78 1213 175 1280 corpus
194 1194 407 1279 descendere,
428 1207 520 1284 potat
538 1196 700 1264 stultitiam
722 1207 756 1263 et
777 1197 972 1264 oblivionem.
1016 1197 1112 1266 Unde
1133 1219 1198 1267 non

78 1289 164 1363 potest
182 1296 253 1370 post
272 1294 406 1350 naturae
425 1303 504 1350 suae
519 1280 707 1360 oblivionem
723 1282 856 1350 numinis
871 1285 920 1349 sui
935 1283 996 1352 vim
1014 1280 1198 1386 adimplere.

79 1361 154 1461 duae
171 1382 275 1438 autem
296 1367 347 1436 illa
369 1371 410 1438 'sit
429 1366 563 1448 oblivio,
591 1368 737 1457 superius
765 1369 987 1457 expressimus.
1028 1369 1076 1436 Ut
1099 1371 1199 1458 igitur

80 1467 104 1510 n
119 1454 242 1538 politicis
263 1457 378 1522 iterurn
398 1451 687 1545 philosophicisque
708 1461 888 1536 versemur,
918 1454 1021 1520 anima
1044 1452 1086 1520 de
1107 1456 1198 1523 caelo

83 1531 255 1608 dsoendens
287 1540 480 1608 obliviscitur
507 1539 682 1608 secundum
708 1623 709 1626 Ἴ
734 1545 824 1608 citas
846 1541 1112 1642 praeteritorum,
1146 1564 1239 1616 se-rs

81 1621 194 1722 eundum
223 1626 429 1716 philosophos
459 1626 647 1694 futurorum.
692 1565 789 1700 [lude
817 1625 968 1716 Virgilius
988 1625 1128 1694 medium
1149 1638 1198 1696 te-

81 1720 144 1790 ntat,
173 1710 331 1782 fficmtdot
361 1709 503 1778 Oblivia
522 1723 674 1800 potant.-

142 1797 189 1864 17.
209 1815 213 1821 ·
231 1801 323 1866 Sane
351 1795 394 1864 de
419 1795 524 1882 reditu
552 1795 727 1866 animarum
747 1796 863 1884 ingens
885 1793 971 1885 apud
994 1797 1198 1888 philosophos
1218 1847 1224 1863 .
1299 1787 1303 1802 ’

79 1883 208 1965 expositio
237 1896 308 1963 cett
336 1880 498 1971 quomodo
527 1865 689 1964 uidelicet,
719 1881 768 1948 vel
789 1903 908 1971 quare,
936 1894 1009 1971 post
1032 1907 1105 1951 uam
1127 1907 1199 1952 cor·
1323 1928 1327 1938 =

75 1983 137 2046 pore
154 1981 272 2038 exutae
293 1969 425 2048 luerint,
446 1979 512 2036 taus
533 1969 689 2050 sontium,
709 1967 886 2036 secundum
898 1909 1062 2038 nonnullos
1076 1993 1241 2058 eorum,po

75 2071 152 2132 quum
173 2055 391 2125 innocentium
419 2053 542 2120 animae
570 2053 613 2121 ad
642 2066 728 2122 ostra
758 2054 956 2130 reserantur,
994 2069 1028 2123 ut
1056 2068 1112 2124 aut
1139 2078 1198 2148 pro

74 2133 140 2203 sitne
168 2145 275 2231 pretio
309 2141 428 2229 optima
445 2139 608 2232 ,mercede
636 2151 787 2206 aeternae
818 2137 898 2204 lucis
927 2136 1105 2224 donentur,
1144 2155 1201 2210 aut

74 2241 120 2304 Plo
137 2229 216 2297 mele
237 2225 417 2296 commissis
438 2225 479 2292 ab
500 2223 578 2314 ipsis
597 2225 694 2293 stellis
737 2222 922 2307 rejiciantur
940 2223 988 2288 rel
1009 2247 1199 2296 consumam

74 2313 131 2406 itt,
150 2333 211 2380 non
232 2317 282 2386 ita
302 2324 339 2381 nt
359 2320 510 2404 pereant,
530 2309 589 2378 sed
610 2323 685 2380 uta
724 2311 862 2399 ignetur.
905 2307 1003 2376 Unde
1023 2311 1109 2380 idem
1127 2315 1199 2386 Vir-

72 2389 150 2476 ulius
170 2400 222 2468 hic
244 2419 461 2491 quoquelnon
483 2395 662 2479 absurdos3
1205 2427 1241 2478 os

142 2485 289 2552 Scilicet
306 2484 373 2550 leuc
395 2483 516 2566 reddi,
542 2481 668 2550 deinde
686 2477 753 2546 leuc
774 2475 928 2544 resoluto
948 2474 1079 2564 referri
1109 2515 1111 2523 ι

139 2569 296 2649 Onesiae
321 2591 383 2636 nec
404 2567 512 2634 morti
531 2590 604 2636 sose
624 2565 754 2642 locuni,
783 2562 845 2630 sed
863 2565 944 2630 vion
965 2564 1083 2629 volare

142 2655 281 2722 Sideris
297 2655 336 2726 irs
355 2673 558 2735 numerum,
589 2663 697 2744 atque
716 2649 791 2715 alto
811 2646 992 2716 succedere
1012 2649 1089 2716 cael
1106 2697 1115 2716 .

66 2730 103 2802 tlt
127 2735 301 2808 Lucanus:
478 2799 482 2808 ,

139 2825 314 2894 Innocuos
334 2821 410 2890 vita
427 2819 605 2909 potientes
621 2802 778 2896 ¹uetlreris
800 2813 865 2881 imi
1205 2836 1243 2890 ω

137 2909 258 2989 Fecit,
290 2918 327 2976 et
346 2915 505 2972 aeternos
526 2901 666 2967 ceineas
688 2900 828 2989 collegit
850 2900 888 2964 in
911 2898 1018 2968 orbes.

66 2987 129 3060 Neo
154 2997 295 3073 mirum,
344 3012 420 3058 uurn
445 2987 479 3056 in
508 2987 556 3054 ori
580 2986 666 3054 'nem
695 3009 786 3052 suern
814 2984 922 3053 redire
943 2987 1047 3054 omnia
1066 2986 1200 3055 manile-

66 3085 139 3148 stum
159 3081 208 3150 sit.
253 3017 342 3165 Nihil
365 3077 468 3156 enim,
488 3095 552 3164 quo
598 3072 703 3162 perire
725 3069 866 3139 funditus
887 3074 1006 3163 possit,
1040 3078 1139 3159 quuln
1160 3073 1201 3142 sit

66 3166 233 3236 secundum
257 3164 391 3255 ¹philoso
415 3161 473 3229 hos
501 3153 542 3228 cd
575 3161 665 3240 ndo,
696 3155 810 3227 idest
837 3179 953 3239 ornne,
981 3159 1013 3224 in
1039 3157 1128 3246 ¹rprrod
1150 3179 1201 3226 re·

67 3243 161 3322 dsunt
181 3254 343 3320 universe.
424 3255 466 3312 'es
499 3252 627 3324 autem,
669 3265 753 3330 quae
781 3264 869 3310 mors
898 3257 1048 3324 vocatur,
1091 3256 1142 3312 ut·
1156 3244 1241 3322 aitte

66 3332 202 3418 Servius,
225 3360 293 3404 non
314 3345 365 3402 est
384 3353 488 3412 mors,
509 3329 569 3398 sed
589 3328 723 3411 solutio,
756 3327 873 3480 quippe
893 3352 979 3418 quae
999 3327 1073 3397 nihil
1094 3330 1201 3418 perire

70 3415 143 3494 lecit.
183 3423 287 3492 Unde
307 3419 387 3488 mire
412 3441 432 3484 s
458 3416 617 3506 plerisque
644 3413 790 3483 interitus
841 3416 905 3484 icta
932 3423 998 3494 est,
1029 3417 1120 3502 quasi
1148 3437 1201 3483 res

67 3498 270 3590 interveniens
292 3518 326 3573 et
344 3503 518 3571 mixtarum·
533 3524 640 3568 rerum
663 3501 891 3569 connexionem
915 3500 1092 3582 resolvens,
1120 3524 1205 3591 quag
1325 3545 1326 3550 κ

66 3611 121 3675 que
140 3617 203 3662 neo
223 3595 303 3683 ipsis
324 3590 511 3679 corporibus
530 3589 696 3677 contingat
711 3587 850 3671 interire,
870 3610 969 3678 quum
983 3609 1046 3652 non
1057 3597 1201 3678 pereunt,

64 3676 115 3746 sed
134 3680 167 3750 in
189 3681 349 3748 elementa
372 3674 543 3744 solvantur.
1128 3677 1131 3682 “
1173 3707 1179 3726 .

143 3769 196 3834 18.
240 3765 305 3832 De'
330 3762 523 3854 purgatione
553 3778 630 3826 sero
660 3755 835 3826 animarum
862 3755 943 3823 mire
970 3753 1126 3838 sentiunt,
1167 3767 1204 3827 ut

64 3844 212 3940 Virgilius
244 3859 398 3929 testatur,
428 3845 553 3913 dicens:
1052 3881 1054 3889 ,

240 3939 249 3948 ”
262 3947 266 3952 ”
474 3927 582 4000 Aliae
605 3926 814 4016 panduntur
834 3924 957 3990 inanes

144 4017 415 4107 Suspensae‘arl
435 4023 573 4094 veritos3
599 4013 684 4078 aliis
704 4009 765 4076 sub
785 4006 942 4104 gurgite
955 4017 1053 4075 vasto

141 4101 329 4192 Infectam
341 4101 485 4178 eluitur
504 4099 634 4177 scelus,
661 4109 725 4162 aut
746 4092 910 4160 exuritur
929 4093 1018 4182 ugni.
1213 4113 1247 4180 2⁴⁵
1335 4149 1336 4152 ,

61 4189 112 4256 lbi·
134 4191 223 4256 enim
246 4201 280 4256 et
300 4189 459 4277 poeticam
487 4197 609 4266 serunt,
641 4193 674 4250 ct
699 4204 719 4250 e
746 4177 942 4270 philosophis
976 4200 1038 4246 nou
1073 4176 1204 4246 recedit.
1294 4195 1296 4204 ’
1335 4247 1336 4260 ,

1207 3686 1244 3738 4⁰
