2698 4804
40 107 51 132 ,
157 163 278 264 ‘esa
353 291 356 301 Ι
485 184 888 290 armannum.
942 184 1086 264 aas.

195 373 375 454 universam
396 370 506 440 mundi
527 383 674 440 naturam
696 372 792 440 celeri
821 372 1016 462 cogitatione
1034 372 1184 462 ,pervolet
1216 369 1298 438 ·ldeo

194 461 363 528 Musarum
397 461 521 526 lontem
550 482 594 525 un
621 459 673 526 ula
712 461 836 549 rupisse
871 459 914 524 fin
941 459 1022 540 itur,
1075 458 1137 544 uod
1166 457 1299 546 sapientia

195 545 319 634 poetis,
352 543 505 633 quicquid
532 481 779 634 prossquuntur,
811 481 1018 612 administret.
1053 484 1144 611 tldeo
1169 541 1209 610 de
1229 544 1300 608 Gor-

196 630 291 717 genis
313 630 471 715 sanguine
495 644 605 710 uatus,
625 653 710 718 quae
739 630 1118 720 terror.interpretatur,
1154 626 1235 718 quod
1253 628 1296 692 ini-

87 725 113 784 ’.
170 717 275 784 otium
294 715 468 802 sapientiae
488 716 539 786 sit.
582 715 680 791 Quod
701 726 808 785 autem
836 715 931 784 timor
949 716 1088 798 initium,
1118 723 1160 807 ut¹
1173 714 1297 791 diximus,

194 802 235 867 sit
255 801 449 888 sapientiae,
489 801 725 890 aphilosophis
746 801 828 868 haec
859 802 942 869 ratio
972 801 1086 882 datur,
1120 799 1202 890 quod
1223 810 1252 865 et
1268 798 1296 863 ti·

157 894 160 907 “
192 906 284 952 more
305 886 450 974 magistri
471 879 632 990 discipuhs
654 886 809 976 sapientia
831 887 958 966 crescit,
980 900 1014 955 et
1028 884 1113 976 quod
1126 886 1177 975 qui
1198 884 1296 950 lamam

192 971 349 1050 timuerit,
369 972 496 1061 sapiens
517 985 587 1042 eut.
628 972 674 1040 Et
695 973 823 1050 merito,
845 971 1009 1060 inquiunt,
1038 972 1083 1040 de
1105 970 1209 1039 occisa
1228 969 1297 1033 Gor-

192 1077 281 1142 gone
301 1057 451 1146 Pegasus
472 1060 589 1139 oritur,
653 1058 719 1124 uod
748 1059 837 1126 finito
859 1069 892 1124 et
913 1056 1072 1128 annullato
1103 1058 1212 1126 timore
1236 1053 1296 1118 insi-

150 1157 185 1208 ιο
193 1141 351 1228 pientiae,
383 1144 542 1214 subintrat
562 1081 680 1212 deinde
709 1145 741 1212 iu
771 1142 945 1232 quemlibet
973 1143 1136 1212 seientia.
1178 1136 1297 1208 Stultitia
1334 1159 1339 1172 ’

107 1231 114 1242 ’
187 1227 274 1294 enim
305 1251 433 1332 semper
468 1227 580 1298 timida
618 1241 685 1298 est
742 1227 839 1296 Unde
873 1225 908 1297 el
941 1229 974 1296 in
1006 1165 1145 1296 haltans
1185 1237 1297 1314 pectore
1338 1305 1339 1322 ἵ

189 1314 346 1400 Gorgon,
377 1312 412 1379 rd
444 1326 495 1383 est
521 1316 667 1380 terroris
688 1314 826 1402 imago,
853 1314 918 1386 lixa
938 1325 1005 1396 cst,
1038 1327 1076 1394 ut
1102 1310 1296 1402 insipientibus
1337 1331 1339 1394 p

188 1399 316 1488 semper
336 1408 492 1468 terrorem
512 1400 657 1468 incutere
675 1397 829 1477 rideatur.
1335 1397 1339 1558 ⁴

141 1489 144 1498 “
273 1486 305 1553 4.
348 1484 471 1573 Pegasi
491 1508 556 1574 ope
579 1485 981 1574 Bellerophon-interfecit
1000 1487 1210 1554 Chimaeram.
1247 1477 1296 1545 llst

30 1585 35 1592 '
146 1568 538 1638 1sautemnaecfahuta.
590 1572 730 1640 Proetus
750 1579 893 1656 ,uxorem
921 1572 1037 1648 habuit
1056 1570 1197 1650 Antiam,
1230 1585 1296 1652 quae
1337 1575 1339 1620 ὲ

117 1659 121 1670 ’
186 1655 303 1722 amavit
322 1654 621 1747 Bellerophontem,
642 1680 748 1746 quem,
768 1658 845 1746 quia
866 1681 946 1726 suae
967 1680 1032 1725 non
1053 1656 1186 1725 assensit
1204 1647 1298 1738 nequi.
1331 1664 1334 1677 ’

186 1741 271 1821 tiae,
300 1738 388 1829 apud
418 1743 564 1810 maritum
588 1765 682 1810 suum
703 1743 872 1810 accusarit.
926 1743 984 1809 Ille
1007 1766 1085 1810 eum
1105 1739 1148 1810 ad
1168 1738 1295 1807 Chimae-

108 1829 111 1842 '
184 1845 253 1892 ram
273 1824 526 1896 interficiendam
557 1829 657 1904 misit,
692 1851 788 1916 quam
820 1827 1035 1915 Bellerophon
1071 1848 1154 1915 equo
1184 1821 1294 1908 Pegaso

184 1908 328 1980 residens
348 1912 516 1980 interemit.
558 1912 699 1981 Proetus
719 1913 819 2004 igitur
831 1914 997 2003 Pamphila
1017 1915 1128 2000 lingua
1147 1906 1295 1982 sordidas,
1337 1935 1339 1990 p

141 1996 279 2062 sennua
300 1999 519 2076 contrarium
540 1998 786 2087 interpretatur,
839 2021 900 2066 uae
944 2021 981 2064 ro
1002 1999 1133 2066 libidine
1153 1993 1293 2082 acciptur,
1332 2005 1339 2078 ¹t

208 2081 272 2148 uod
295 2081 367 2148 nihil
389 2081 472 2149 adeo
493 2084 598 2152 virtuti
619 2021 889 2173 quemadmodum
918 2021 1015 2150 libido
1045 2082 1235 2152 contrarium
1248 2083 1293 2140 est.
1337 2063 1339 2132 l

220 2189 281 2233 anc
299 2168 439 2237 Proetus
460 2169 558 2238 habet
579 2166 760 2260 conjugem.
802 2170 866 2238 Cui
888 2171 972 2236 enim
999 2170 1118 2250 libido,
1153 2167 1210 2233 nisi
1240 2181 1292 2228 sor·

183 2251 283 2334 dido,
317 2255 419 2343 possit
439 2252 611 2324 adhiberi?
654 2256 868 2344 Bellerophon
898 2276 974 2323 vero
1006 2254 1203 2343 sapientiae
1233 2268 1292 2344 coa:

182 2339 336 2404 saltator
356 2341 423 2409 inte
463 2353 593 2410 retatur.
646 2343 713 2408 Hic
733 2343 846 2414 batiae
864 2363 928 2408 non
952 2342 1140 2420 consentit,
1169 2336 1293 2426 quisqu

138 2424 214 2490 eoin
245 2425 432 2514 sapientiae
459 2427 573 2495 aborat
604 2428 849 2514 vestigatione,¹
875 2425 1037 2495 libidinem
1071 2445 1204 2492 omnem
1224 2443 1242 2485 a
1265 2435 1293 2481 sa

179 2510 290 2576 nititur
310 2509 472 2600 elongare
515 2512 565 2582 td
585 2513 789 2580 Chimaeram
808 2513 918 2602 itaqua
944 2509 1157 2580 occidendam
1174 2504 1293 2600 mittitun

162 2595 353 2662 ¹Chimaera
394 2619 532 2684 namque
562 2598 694 2662 amoris
725 2596 921 2688 fluctuatio
958 2599 1198 2686 interpretatur.
1244 2589 1292 2662 Qu

97 2731 100 2741 a
179 2679 279 2766 igitur
313 2680 432 2748 libidini
457 2682 633 2764 renuntiat,
669 2695 782 2752 contra
813 2705 956 2750 amorem
986 2705 1133 2771 pugnam
1164 2673 1293 2764 suscipiat

179 2767 315 2832 necesse
336 2777 402 2848 est,
436 2789 533 2856 quem
569 2789 652 2857 equo
673 2769 832 2862 Pegaso,
862 2766 897 2837 id
923 2781 975 2837 est
994 2769 1152 2856 sapientia
1167 2765 1292 2855 adjutus,

135 2850 295 2918 tosirtute
319 2851 491 2939 praeditus,
506 2852 599 2922 facile
616 2853 721 2924 vincit.
769 2854 957 2930 Notandum
984 2876 1081 2934 vero,
1118 2851 1207 2946 quod
1225 2845 1292 2916 idem

134 2975 137 2988 ι
178 2937 329 3024 Pegasus
354 2939 451 3008 etiam
522 2961 583 3008 uus
612 2940 756 3030 Neptuni
784 2939 889 3009 dictus
919 2951 969 3009 est
1000 2963 1020 3006 a
1051 2943 1210 3018 Graeco,
1235 2929 1292 3020 quia

158 3018 272 3111 {mill
299 3035 349 3092 0⁸t
367 3021 464 3111 jons.
547 3036 578 3094 st
620 3041 727 3096 autem
762 3047 932 3098 commune
970 3026 1113 3102 omnbrm
1146 3020 1291 3092 fluminum

99 3187 103 3196 .
178 3126 312 3184 numen,
349 3108 434 3196 quod
455 3112 585 3180 flumina
604 3113 749 3200 liguram
764 3112 876 3181 caballi
897 3110 1018 3178 habent
1039 3121 1176 3201 'propter
1199 3121 1292 3203 cursus

162 3193 386 3268 ,velocitatem
428 3199 478 3263 Ab
501 3196 615 3266 codem
639 3198 733 3276 etiam
755 3223 805 3284 πη
826 3194 849 3285 ἦ
870 3219 1010 3284 pagum
1039 3197 1206 3274 dixerunt,
1234 3207 1291 3279 quffl

133 3281 266 3380 cavillae
287 3279 434 3384 ‘nonnisi‘
463 3281 550 3352 circa
591 3306 690 3386 aquas
732 3223 856 3350 fundari
892 3282 1134 3365 consueverint3
1165 3277 1292 3348 undeet

178 3389 298 3519 ”gii
332 3368 1119 3535 tttttl‘aeltttttltltltstlta
1135 3475 1177 3518 a
1195 3435 1292 3533 aran

176 3537 329 3612 dicamus.
372 3537 542 3626 Triformis
556 3540 707 3629 pingitur,
730 3542 851 3608 habeus
865 3538 1013 3608 videlicet
1027 3529 1292 3644 caputleoninu'ut
1331 3529 1334 3640 l

106 3667 115 3680 ι
176 3637 318 3692 ventrem
354 3625 535 3713 caprinum,
572 3624 707 3696 caudam
746 3625 979 3714 serpentinam
1026 3647 1101 3712 quta
1122 3623 1170 3690 'ln
1202 3631 1292 3685 amore

134 3721 242 3780 dotres
263 3712 340 3778 item
361 3713 484 3798 gradus
503 3723 593 3790 sunt,
631 3711 665 3778 id
692 3723 742 3779 est
755 3712 867 3801 ‘juxta
887 3711 1116 3798 Fulgentium,
1158 3707 1293 3801 incipere

200 3797 351 3878 erficere,
387 3798 488 3864 finire.
536 3795 664 3870 Primus
696 3799 783 3876 ¹enirn·
817 3819 907 3863 amor
930 3797 974 3874 *in
1003 3795 1221 3864 adolescentia
1247 3804 1292 3851 11⁰s

174 3821 327 3952 lerociter
359 3883 477 3952 invadit
512 3896 548 3953 ut
568 3884 629 3950 leo.
671 3883 799 3950 Deinde
819 3881 1021 3968 subsequitur
1042 3880 1182 3947 libidinis
1203 3869 1294 4023 exple·
1331 3934 1332 3946 ,

164 3967 237 4046 tio,
255 3989 339 4055 quae
357 3992 414 4060 per
435 3990 564 4058 capram
586 3969 799 4056 designatur,
812 3967 886 4056 quia
906 3968 970 4033 hoc
991 3965 1106 4034 animal
1126 3967 1160 4032 in
1183 3963 1233 4029 libi
1264 3975 1294 4018 ut

176 4054 444 4141 promptissimum
481 4054 531 4123 sit.
583 4055 681 4124 Unde
706 4066 738 4122 et
767 4053 885 4144 Satyri·
903 4061 977 4119 cum
999 4047 1294 4141 capriniscoruibus

135 4139 372 4225 depinguntur,
403 4141 477 4229 quia
499 4163 671 4228 numquam
685 4141 870 4214 libidinibus
894 4148 1099 4208 saturanturs
1127 4137 1170 4224 Iu
1186 4142 1294 4223 postre-

172 4223 238 4292 -ruis
258 4224 403 4328 partibus
424 4225 600 4295 draconina
620 4239 687 4309 est,
718 4226 793 4317 quia
824 4235 898 4315 post
927 4220 1147 4326 peractionem
1178 4216 1303 4304 aculeus·
1330 4225 1331 4302 l

1327 4731 1329 4756 l
