2698 4804
183 273 270 352 arc
361 215 618 400 ¹ltprogt
638 275 710 348 111'.
766 273 827 348 rr.
881 271 1094 393 ao-ar..
1187 210 1190 216 ’
1273 305 1281 328 t

187 483 224 530 se
243 457 427 548 quoquam
446 477 535 524 mare
562 453 766 545 praecipitem
799 454 899 524 dedit.
951 451 1105 534 ‘laeander
1128 452 1239 544 igitur,
1269 451 1298 516 id
1336 519 1340 540 Ι

185 558 246 616 est·
262 545 419 632 virorum
439 541 596 624 solutio,
620 563 680 630 per
710 541 830 609 virtutis
852 540 1084 608 derelictionem
1106 552 1138 608 et
1167 537 1297 626 ignaviae

185 630 417 716 indulgentiam
447 627 560 692 Heron
594 637 698 704 amat,
733 623 849 694 idest
876 629 1075 694 inaniorem
1106 638 1137 691 et
1156 623 1298 690 libidinem

185 715 327 784 incurrit.
371 710 439 780 Sed
470 711 598 777 libidine
618 712 748 801 quilibet
767 734 957 794 succensus,
991 712 1067 780 durn
1088 710 1129 777 ad
1149 709 1181 776 id
1201 707 1300 791 tendit

161 818 180 866 s
208 801 275 868 uod
307 795 456 865 ardenter
485 796 603 882 diligit,
642 819 813 886 numquam
840 820 917 864 sane
944 796 1030 868 videt
1060 793 1145 885 quod
1178 793 1300 883 expedit.

219 909 270 954 am
291 895 325 950 et
346 887 440 950 nocte
465 895 564 963 natat,
584 880 618 947 id
639 883 740 952 estin
761 884 899 950 obscura
920 883 1059 971 pericula
1072 891 1181 948 tentat.
1221 882 1299 946 Hero
1343 929 1344 934 ,

186 973 216 1042 ei
237 972 416 1049 lucernam,
445 970 650 1050 neaberret,
682 966 836 1035 accendit.
879 969 1024 1058 Et.quid
1044 964 1234 1034 aliudamor
1252 963 1302 1028 nisi
1324 1043 1327 1048 Ι

185 1056 334 1126 ardorem
354 1057 522 1142 importat,
560 1062 600 1119 et
615 1049 808 1142 desideranti
828 1054 908 1122 riam
928 1052 1138 1142 periculosam
1159 1047 1301 1118 ostendit?
1343 1089 1344 1138 ,

147 1161 158 1181 ²
185 1142 336 1210 Lucerna
377 1149 482 1205 autern
521 1131 625 1224 statim
664 1138 876 1226 extinguitur,
922 1139 997 1228 quia
1023 1137 1167 1230 juvenilis
1202 1133 1302 1207 amoris
1343 1157 1344 1166 ¹

143 1226 283 1302 roardor
304 1246 367 1290 non
389 1224 443 1290 diu
461 1233 652 1313 perseverat
695 1224 777 1290 Deni
802 1248 844 1306 ue
864 1235 897 1292 et
918 1225 1022 1294 nudus
1045 1235 1153 1303 natat',
1172 1245 1209 1288 ea
1230 1217 1301 1288 ride·
1343 1277 1344 1300 ,

184 1313 259 1380 licet
289 1309 331 1378 de
358 1331 473 1387 causa,
514 1308 601 1412 (pund
630 1310 746 1376 amoris
777 1247 924 1384 llecobra
959 1313 1164 1377 affectatores
1193 1325 1303 1388 suosa
1343 1323 1344 1334 ¹

185 1395 363 1470 substantia
384 1407 419 1464 et
452 1393 579 1479 consilio
603 1389 725 1460 nudare
757 1395 920 1462 consuevit
941 1407 981 1463 et
994 1398 1026 1462 in
1049 1392 1205 1484 pericula,
1236 1393 1304 1458 sicut

116 1513 118 1520 ¹
185 1485 218 1550 in
246 1504 353 1557 mare,
387 1481 520 1584 jactare.
573 1477 670 1553 Quod
703 1489 811 1547 autem
851 1481 981 1568 lucerna
1023 1483 1165 1548 extincta
1195 1478 1303 1562 utrique
1343 1496 1344 1504 ¹

187 1591 284 1636 causa
305 1580 417 1632 mortis
439 1576 502 1653 est,
519 1563 613 1651 juxta
632 1561 839 1652 Fulgentium
860 1566 1024 1634 evidenter
1044 1566 1214 1654 significat,
1232 1557 1305 1649 quod

73 1679 80 1690 ·
143 1657 219 1724 ltin
238 1664 374 1737 utroque
396 1672 474 1716 sexu
498 1649 594 1715 libido
618 1649 833 1720 commoritur.
883 1649 1034 1740 Denique
1066 1654 1099 1719 in
1130 1651 1206 1716 mari
1225 1647 1301 1714 ambo
1343 1669 1344 1742 p

185 1740 379 1816 moriuntur,
401 1734 435 1800 id
464 1745 528 1815 est,
549 1735 588 1803 iu
603 1745 769 1803 senectute
788 1735 1023 1825 inquietationis
1046 1734 1212 1806 libidinum
1239 1728 1302 1800 otl-
1343 1743 1344 1772 ³

185 1826 357 1893 viscantur.
416 1821 573 1888 Senectus
609 1821 692 1886 enim
749 1821 813 1886 uod
847 1819 964 1909 frigida
1001 1835 1037 1892 et
1071 1826 1241 1890 bumbrosa
1265 1815 1304 1890 sit,
1343 1845 1344 1888 1

153 1908 266 1996 ,mari
287 1905 505 1993 comparabilis
530 1903 661 1974 videtur.
744 1929 796 1972 am
829 1919 862 1974 et
894 1919 1089 1998 tempestas,
1125 1910 1195 1998 'qua
1240 1901 1305 1976 eriit,
1337 1889 1344 1973 ,¹

185 1992 394 2083 possessionis
414 1988 652 2057 distractionem
672 1987 838 2077 designat3
874 1993 965 2082 cujus
985 1993 1204 2062 consideratio
1219 1927 1306 2056 libidi-

143 2077 235 2162 nouis
253 2075 432 2143 incendium
452 2075 638 2164 saepissime,
657 2087 780 2144 enecat.
962 2135 964 2146 t

271 2165 329 2232 20,
365 2163 523 2229 Venerem
546 2160 683 2250 denique
701 2161 821 2250 pbiloso
845 2155 877 2224 hi
907 2159 939 2227 in
961 2154 1091 2248 specie
1108 2161 1193 2230 vitae
1212 2157 1307 2249 philar-

186 2249 282 2338 gicae
299 2270 468 2338 posuere,
508 2245 640 2336 ejusque
675 2253 750 2314 eum
777 2184 909 2313 Pallade
938 2257 971 2313 et
999 2248 1021 2312 J
1025 2272 1136 2316 unone
1169 2260 1310 2336 cartapess

187 2337 351 2423 eleganter
386 2345 534 2402 statuere.
592 2332 696 2423 Cujus
737 2332 784 2398 rei
820 2332 1010 2418 figmentum
1046 2345 1084 2402 ut
1122 2333 1309 2424 explicemus,

79 2480 81 2489 .
186 2421 400 2521 paulo¹altius
430 2416 640 2486 exordiamur.
689 2417 960 2506 Juppiterquum
989 2417 1172 2487 'Photidem
1197 2420 1308 2487 amaret
1343 2449 1344 2452 ¹

82 2519 85 2524 ’
143 2525 180 2576 aa
189 2506 363 2595 prohibitus
384 2520 433 2571 est
454 2521 474 2570 a
494 2503 615 2572 Proteo
636 2520 707 2568 cum
730 2526 769 2568 ea
783 2504 1015 2583 concumbere,
1044 2527 1089 2571 ne
1136 2523 1209 2570 uem
1229 2517 1310 2590 gene
1343 2537 1344 2544 κ

186 2602 290 2672 raret,
321 2590 376 2680 qui
399 2589 435 2655 se
454 2609 556 2675 regno
578 2587 758 2675 expelleret
812 2587 869 2660 Ille
895 2609 1094 2675 persuasus,
1161 2590 1229 2656 aleo
1255 2603 1311 2649 eam

152 2735 156 2742 .
186 2699 320 2746 uxorem
352 2673 460 2753 dedit,
499 2695 674 2760 eorumque
702 2673 818 2776 nuptiis
853 2672 924 2758 ipse
952 2694 1027 2740 cum
1058 2673 1122 2744 diis
1145 2688 1181 2745 et
1208 2671 1312 2739 deabus
1343 2751 1344 2758 ἵ

187 2762 351 2841 omnibus,
370 2767 503 2846 excepta
523 2756 711 2839 Discordia,
744 2758 894 2826 interluit
936 2757 993 2824 Illa
1017 2760 1107 2828 irata
1135 2760 1253 2830 malum
1270 2775 1314 2820 au·
1343 2787 1344 2796 ¹

44 2901 49 2926 ,
89 2895 91 2900 ,
125 2901 132 2911 .
185 2848 331 2914 reumin
351 2845 490 2911 medium
511 2843 606 2912 trium
628 2842 777 2926 dearum,
797 2843 939 2924 Juuonis,
959 2843 1106 2914 Palladis
1132 2860 1176 2915 et
1190 2838 1314 2914 Veneris,
1343 2851 1344 2878 i

143 2931 262 3022 adjecit
296 2933 342 2998 sic
374 2929 575 3016 inscriptum:
610 2919 883 2998 ''Pulolrerrimae
919 2929 1060 2997 donam.
1119 2933 1200 3000 Illae
1234 2928 1317 3015 igitur
1343 2975 1344 2990 r

73 3022 77 3028 “
186 3017 229 3084 de
251 3020 422 3084 formarum
444 3014 625 3082 excellentia
650 3025 826 3095 certantes,
852 3008 951 3080 Joris
966 3014 1131 3107 judicium
1155 3019 1315 3104 elegerunt
1343 3021 1344 3024 ’

185 3106 228 3175 tt
258 3102 406 3191 Juppiter
435 3099 528 3190 duas
554 3099 663 3167 nolens
698 3099 884 3179 offendere,
921 3098 947 3165 si
977 3102 1109 3170 tertiam
1144 3099 1344 3193 praelerreltf

172 3210 242 3254 eas
282 3187 324 3255 ad
362 3185 514 3253 Paridem
549 3185 719 3253 transmisit
761 3183 955 3252 'udicandas
1009 3186 1077 3253 cui
1114 3190 1219 3278 quum
1249 3185 1344 3252 ,luno¹

185 3294 341 3358 regnum,
357 3345 360 3352 ,
375 3269 482 3338 Pallas
521 3269 668 3340 virtutem
708 3210 923 3359 polliceretur,
968 3272 1192 3363 promissione
1226 3283 1319 3340 umen

118 3357 333 3434 ·tttHelenae
354 3356 510 3422 Venerem
532 3355 772 3444 pulcherrimam
789 3354 953 3444 judicarit.
997 3369 998 3372 ’
1144 3421 1149 3425 .
1241 3435 1242 3440 1
1269 3392 1273 3404 =

270 3445 323 3508 21.
365 3441 470 3508 Porro
491 3440 591 3508 Peleo
617 3453 650 3509 et
670 3438 811 3508 'l'betide
839 3439 972 3510 Achilles
993 3453 1110 3528 natus,
1150 3446 1245 3536 cujus
1271 3438 1320 3505 rita

61 3590 63 3599 ,
110 3586 116 3592 .
186 3528 333 3598 omnibus
354 3538 431 3594 nota
452 3537 526 3610 est,
567 3524 739 3602 'Photidem
769 3525 869 3612 igitur
899 3525 961 3592 dici
991 3530 1178 3600 voluerunt,
1212 3546 1322 3618 aquam,

185 3614 274 3704 unde
296 3625 337 3680 et
349 3612 434 3700 Nym
456 3613 530 3678 ham
552 3611 797 3700 appellaverunt.
818 3645 821 3654 ¹
840 3609 935 3678 Hanc
958 3613 1116 3704 Juppiter
1138 3620 1236 3706 quasi
1257 3613 1320 3677 deus

186 3699 352 3790 conjungit
384 3637 501 3780 Pellem
540 3693 647 3784 πηλὸς
675 3697 758 3763 e‘nim
788 3698 915 3764 Graece
942 3696 1057 3764 lutum
1088 3699 1324 3792 interpretatur.

142 3785 278 3874 tuFlrgo
316 3798 434 3853 terram
462 3805 586 3852 cumta
609 3805 654 3850 ua
682 3782 811 3849 mixtam
838 3780 990 3870 genuisse
1019 3783 1138 3856 volunt
1166 3787 1324 3855 hominen.

183 3871 294 3962 Ipsum
334 3868 448 3960 lovem
493 3801 639 3949 Thetllis
676 3867 783 3937 lerunt
818 3867 1030 3946 concubitum
1071 3884 1238 3961 optasse,
1280 3859 1344 3935 sed

183 3960 315 4028 vetitum
337 3977 426 4033 esse,
453 3957 505 4018 *ne
523 3952 675 4041 majorem
702 3976 738 4019 se
758 3964 949 4042 generaret3
985 3954 1058 4041 quia
1080 3957 1199 4044 ignis,
1238 3955 1271 4024 id
1290 3959 1328 4016 est

107 4063 111 4076 ¹
182 4043 347 4146 Juppiter,
380 4042 405 4106 si
424 4060 497 4105 cum
524 4060 606 4126 aqua
628 4043 738 4114 cudat,
760 4062 876 4128 aquae
897 4039 1013 4105 virtute
1034 4043 1261 4131 extinguitur.
1298 4035 1327 4103 n

112 4197 117 4210 ,
183 4127 406 4218 conpunctione
426 4134 533 4190 autem
553 4135 657 4210 aquae
677 4137 710 4190 et
728 4135 854 4205 terrae,
889 4122 923 4190 id
950 4128 1004 4191 'est
1023 4125 1188 4198 'l‘bertdts
1222 4140 1256 4196 et
1276 4125 1328 4190 Pe·

139 4213 242 4293 talei,
261 4210 422 4277 discordia
442 4207 509 4276 sola
529 4229 593 4274 non
615 4209 781 4290 inritatur,
813 4207 894 4298 quia,
910 4208 1082 4276 concordia
1107 4217 1230 4300 potius
1254 4220 1327 4276 utro-

62 4370 67 4380 ,
180 4303 319 4384 rumque
338 4294 408 4372 lieri
440 4293 668 4373 elementorum
703 4317 836 4388 necesse
852 4305 922 4378 est,
959 4306 998 4363 ut
1026 4293 1133 4375 horno
1165 4302 1331 4390 gignatur.
