2786 4800
369 149 558 314 'uymgs
580 213 612 286 1.
669 211 812 346 arr-2
831 202 924 286 rra.
1026 269 1027 278 Ν
1162 209 1220 288 nr

77 399 432 505 „Agenor,⁴llleleagri
459 398 621 478 avuncrrli,
654 397 810 484 indignati
837 410 926 478 sunt,
956 391 1014 464 sibi
1042 398 1220 489 praelatam

83 490 179 556 fusse
202 486 378 574 virginem,
400 497 433 553 et
454 509 524 552 eam
549 485 634 550 dono
660 485 881 572 spoliaverunt.
921 483 997 560 Qua
1018 486 1221 552 contentione

80 575 145 644 lata
175 573 238 638 sibi
267 569 537 640 maturaverunt*¹
563 569 690 638 Etenim
717 569 901 654 indignatus
929 569 1110 658 Meleager,
1143 593 1221 642 con·

77 658 299 746 sanguinitate
322 645 460 736 calcata,
490 657 599 724 matris
622 677 700 721 suae
728 655 857 722 fratrem
878 653 968 720 Pleri
990 675 1066 744 pum
1089 655 1218 737 occidit,

7 825 9 830 Ι
78 746 208 832 sibique
231 743 339 809 matris
364 743 514 810 allectum
537 740 674 809 abstulit.
716 741 847 807 Althaea
871 739 951 828 siqui
975 763 1024 807 em
1046 750 1244 830 germano-t

77 854 149 897 rom
183 829 301 898 ultione
331 828 448 894 saeviit.
491 827 576 893 Nam
604 826 746 894 titionem
779 825 1076 914 (quem-occultum
1096 828 1220 910 habuit,

77 918 174 1005 quia,
199 937 299 1004 quum
320 924 505 980 nasceretur
526 912 708 998 Meleager,
728 913 759 977 in
783 911 873 999 regia
894 913 999 990 subito
1019 913 1110 980 fortis
1132 927 1165 982 et
1185 925 1222 982 ut
1339 922 1342 936 '

72 999 202 1093 juvenis
223 1009 426 1088 apparuerat,
440 1013 474 1066 et
493 997 695 1080 vaticinatum
713 1010 792 1070 erat,
815 995 902 1084 quod
924 996 1063 1062 tamdiu
1079 999 1222 1080 vireret,

77 1085 308 1176 quoadusque
335 1095 495 1148 servetur
522 1084 629 1169 esset)
658 1093 759 1150 mater
775 1083 907 1170 ignibus
920 1080 1052 1164 mersit,
1084 1105 1222 1172 eumque

80 1195 155 1238 cnm
179 1170 234 1236 filii
261 1191 342 1236 nece
365 1168 441 1235 satis
463 1167 601 1236 extinxit.
642 1167 735 1241 Quae
756 1181 931 1260 postquam
946 1165 1118 1238 admissum
1140 1169 1264 1237 saei-to

84 1279 144 1324 nus
164 1255 314 1344 agnovit,
338 1253 452 1342 laqueo
474 1254 570 1322 vitam
591 1253 696 1320 finivit.
723 1325 729 1344 χ

92 1441 179 1518 ltu.
233 1396 587 1545 Clytemnest'ra
612 1387 665 1519 *et
689 1403 903 1551 Orestes,
937 1443 1073 1519 filius
1104 1444 1217 1547 ejus.

170 1571 408 1663 clytemnestra
430 1571 489 1640 luit
511 1594 592 1660 uxor
611 1573 867 1660 Agamemnonis,
885 1639 888 1646 ,
908 1571 973 1650 uui
996 1594 1094 1661 quurn
1115 1593 1222 1640 rever-
1238 1603 1257 1644 ι

87 1679 134 1726 sus
168 1669 257 1724 esset
286 1656 328 1723 de
356 1658 437 1724 bello
467 1657 628 1748 Trojano,
657 1657 846 1726 interfectus
873 1669 923 1726 est
950 1679 1008 1747 per
1026 1659 1221 1747 ¹Aegisthum

86 1743 274 1811 adultorum.
318 1743 404 1808 Nam
431 1764 527 1832 quum
552 1745 719 1832 ingressus
741 1745 854 1812 suisset
873 1741 1003 1810 domum
1025 1768 1132 1827 suam,
1163 1747 1267 1816 ob-15

82 1831 151 1898 tulit
175 1829 205 1894 ei
228 1828 462 1919 clytemnestra
484 1841 603 1912 restem
625 1830 693 1897 sine
716 1831 847 1919 capicio.
890 1831 996 1905 Quam
1038 1853 1113 1898 uurn
1134 1832 1226 1900 vellet
1311 1894 1314 1902 ,

81 1914 220 1982 induere
237 1927 275 1982 et
298 1915 614 2004 capiciumiureuire
633 1938 696 1982 non
712 1929 839 2004 posset,
858 1918 900 1982 ab
912 1914 1009 2003 Aegis
1044 1940 1065 1982 o
1078 1915 1225 1984 adultero

82 2003 213 2068 occisus
236 2009 301 2081 est;
322 2023 417 2089 quem
437 2012 548 2089 postea
569 2001 660 2068 simul
682 2025 755 2068 cunr
777 2014 879 2069 matre
894 2003 1029 2070 Orestes
1050 2003 1226 2085 interiecit3
1288 2020 1290 2024 ·

80 2086 172 2153 unde
200 2084 233 2150 in
260 2086 428 2157 amentiam
457 2107 565 2154 versus
594 2099 652 2155 est
695 2089 760 2154 Hic
789 2109 926 2176 namque
953 2089 1107 2169 Orestes,
1138 2091 1164 2154 A
1210 2129 1226 2140 -

83 2171 268 2240 memnonis
298 2182 339 2237 et·
364 2171 617 2262 Clytemestrae
644 2172 745 2255 filius,
777 2174 852 2261 quia
881 2171 1019 2260 optimus
1046 2111 1270 2260 ragnelino

86 2259 164 2336 luit,
187 2257 228 2342 ,in
252 2256 358 2324 scenis
378 2259 576 2339 celebratus,
607 2279 704 2347 quum
723 2271 864 2325 matrem
879 2270 913 2324 et
931 2258 1120 2346 Aegisthum
1139 2259 1227 2325 occi-

85 2343 205 2424 disset,
235 2343 388 2418 insanivit.
430 2344 495 2418 Qui
524 2341 602 2411 socii
631 2340 760 2432 Pyladis
769 2358 774 2388 ·'
786 2342 967 2424 admonitu,
999 2342 1042 2410 ad
1055 2342 1227 2412 :evitandos

82 2429 206 2498 F'urias
234 2427 385 2517 templum
413 2429 561 2518 Apollinis
590 2429 771 2516 ingressus.
802 2451 899 2518 quum
929 2427 1022 2497 vellet
1046 2429 1151 2512 exire,
1178 2431 1228 2496 in-

82 2525 240 2582 vaserunt
266 2536 345 2580 eum·
361 2513 488 2600 Furiae.
530 2513 617 2582 Hinc
642 2527 706 2585 est:
744 2513 961 2606 Ultricesque
979 2514 1100 2582 sedent
1119 2516 1158 2582 in
1179 2513 1229 2581 li-

78 2602 182 2671 mine
201 2597 328 2668 Dirae.
558 2653 561 2663 ,
886 2667 897 2692 γ,
1229 2631 1270 2688 qq
1293 2591 1300 2626 ’

325 2717 419 2858 448.
472 2773 655 2874 Europa
686 2781 728 2849 e't
764 2775 996 2876 luppiter.

109 2919 121 2932 ·’
175 2901 312 2989 Europa
332 2901 474 2970 futrum
493 2900 581 2988 regis
603 2901 803 2968 Graecorum
824 2903 990 2988 Agenoris.
1034 2899 1230 2979 Quaedam

82 2987 262 3074 colligeret
279 2988 375 3054 flores
395 2987 428 3053 iu
445 2986 546 3076 'pratis
568 2983 742 3062 secundum
765 2987 1024 3056 'consuetudinem
1045 2989 1230 3077 puellarum,
1343 2997 1348 3006 ’

82 3074 259 3164 luppiter,
290 3072 322 3137 in
353 3073 487 3140 formam
517 3097 531 3137 s
555 3071 651 3137 eciosi
675 3071 759 3138 tauri
778 3095 966 3155 conversus,
996 3075 1026 3142 ei
1048 3075 1109 3142 rim
1128 3075 1232 3141 intulit
1262 3075 1267 3116 ²
1323 3081 1324 3084 ’

83 3161 162 3226 hoe·
195 3158 302 3224 modo.
367 3159 474 3234 Quom
540 3157 686 3222 ercurius
702 3157 805 3262 jussu
843 3159 940 3246 patris
971 3160 1003 3226 in
1034 3159 1274 3228 Phoenicemoo

84 3257 314 3332 transgressus
341 3257 444 3335 esset,
477 3253 518 3311 ut
541 3255 685 3310 armenta
714 3243 793 3310 rllius
818 3244 962 3330 regionis
984 3242 1027 3310 ad
1042 3245 1119 3314 ¹litus
1144 3253 1232 3328 euml

86 3331 241 3418 pelleret,
264 3329 411 3417 Juppiter
431 3331 462 3396 in
485 3341 609 3400 taurum
633 3340 896 3413 conversusest3
931 3353 1093 3421 quumque
1120 3353 1158 3396 se
1182 3331 1232 3419 juss

89 3417 206 3482 mentis
226 3415 383 3502 Agenoris
405 3415 492 3503 regis
514 3414 758 3496 immiscuisset,
789 3425 822 3481 et
850 3415 885 3480 in
910 3421 1057 3483 amorem
1081 3416 1130 3483 sui
1158 3439 1173 3480 s
1197 3439 1232 3481 a*

92 3499 209 3568 tientes
229 3503 261 3568 in
284 3522 383 3567 arena
403 3501 540 3589 virgines
564 3499 741 3586 coegisset,
769 3523 810 3568 ac
830 3499 981 3605 paulatim
1001 3499 1133 3588 singulis
1155 3440 1231 3566 allu-
1247 3517 1271 3560 ·:
1382 3551 1385 3572 r

91 3583 193 3666 deus,
213 3585 382 3654 novissime
403 3587 560 3674 Agenoris
581 3585 691 3665 filiam,
723 3586 812 3677 cujus
831 3609 863 3652 rn
888 3609 1028 3654 amorem
1051 3588 1273 3675 compulsusaa

89 3683 259 3740 averterat·
283 3673 442 3758 figuram,
463 3671 661 3738 insidentem
689 3671 875 3761 silitergo
894 3671 1076 3740 ininsulam
1098 3675 1232 3750 Cretam
1384 3671 1385 3680 ’

87 3757 222 3839 detulit,
249 3757 494 3847 ibiquejnuptiis
515 3757 582 3848 ejus
604 3757 718 3826 fruitus
735 3768 800 3825 est:
1384 3847 1385 3854 ἵ

164 3943 260 4020 tlt).
312 3942 500 4050 Agenor
531 3959 576 4023 et
611 3946 836 4044 Cadmus,
875 3945 1012 4020 filius
1043 3946 1158 4050 ejus.
1243 3958 1263 3984 ”
1384 3911 1385 3994 l

181 4076 329 4162 Agenor,
349 4055 442 4164 rapta
457 4073 526 4140 'lilia
545 4062 697 4162 Europa,
720 4076 834 4144 iratres
857 4075 925 4164 ey‘us
947 4071 989 4140 ad
1008 4073 1231 4164 requirendam

88 4181 241 4228 sororem
267 4161 370 4241 misit,
395 4159 572 4242 Cadmum,
602 4163 753 4246 Cilicem,
779 4161 1004 4241 Phoenicem.
1024 4161 1071 4228 ita
1092 4179 1144 4248 ut,
1173 4165 1273 4236 nisiro

7 4315 11 4326 ,
88 4268 170 4320 eam
198 4247 404 4336 reperissent,
432 4245 478 4319 ad
506 4269 553 4334 se,
568 4269 632 4334 nou
653 4258 889 4334 reverterentur
906 4247 1107 4338 inperitiam.
1126 4329 1128 4334 ¹
1149 4249 1230 4336 Cilix

307 4571 311 4576 '
360 4585 367 4619 r
