<?xml version="1.0" encoding="UTF-8"?>
<!DOCTYPE html PUBLIC "-//W3C//DTD XHTML 1.0 Transitional//EN"
    "http://www.w3.org/TR/xhtml1/DTD/xhtml1-transitional.dtd">
<html xmlns="http://www.w3.org/1999/xhtml" xml:lang="en" lang="en">
 <head>
  <title>
</title>
<meta http-equiv="Content-Type" content="text/html;charset=utf-8" />
  <meta name='ocr-system' content='tesseract 3.04.00' />
  <meta name='ocr-capabilities' content='ocr_page ocr_carea ocr_par ocr_line ocrx_word'/>
</head>
<body>
  <div class='ocr_page' id='page_1' title='image "./scriptoresrerum01bodegoog_0260.png"; bbox 0 0 2698 4804; ppageno 0'>
   <div class='ocr_carea' id='block_1_1' title="bbox 329 111 1304 293">
    <p class='ocr_par' dir='ltr' id='par_1_1' title="bbox 329 111 1304 293">
     <span class='ocr_line' id='line_1_1' title="bbox 329 111 1304 293; baseline -0.011 -42"><span class='ocrx_word' id='word_1_1' title='bbox 329 173 511 293; x_wconf 64' lang='lat' dir='ltr'>mynogn.</span> <span class='ocrx_word' id='word_1_2' title='bbox 538 173 610 248; x_wconf 89' lang='lat' dir='ltr'>m.</span> <span class='ocrx_word' id='word_1_3' title='bbox 664 171 726 248; x_wconf 85' lang='lat' dir='ltr'>rr.</span> <span class='ocrx_word' id='word_1_4' title='bbox 781 170 866 248; x_wconf 80' lang='grc'>0,..</span> <span class='ocrx_word' id='word_1_5' title='bbox 964 147 967 154; x_wconf 77' lang='grc'><strong>“</strong></span> <span class='ocrx_word' id='word_1_6' title='bbox 1064 173 1149 251; x_wconf 78' lang='lat' dir='ltr'>aaa</span> <span class='ocrx_word' id='word_1_7' title='bbox 1259 111 1304 224; x_wconf 85' lang='lat'>·¹</span> 
     </span>
    </p>
   </div>
   <div class='ocr_carea' id='block_1_2' title="bbox 15 355 1255 2240">
    <p class='ocr_par' dir='ltr' id='par_1_2' title="bbox 15 355 1255 2240">
     <span class='ocr_line' id='line_1_2' title="bbox 47 355 1149 448; baseline 0.005 -26"><span class='ocrx_word' id='word_1_8' title='bbox 47 366 74 422; x_wconf 93' lang='lat' dir='ltr'>et</span> <span class='ocrx_word' id='word_1_9' title='bbox 90 355 166 424; x_wconf 84' lang='lat' dir='ltr'>saluti</span> <span class='ocrx_word' id='word_1_10' title='bbox 184 368 326 446; x_wconf 86' lang='lat' dir='ltr'>spectare</span> <span class='ocrx_word' id='word_1_11' title='bbox 346 356 512 444; x_wconf 82' lang='lat' dir='ltr'>videntur)</span> <span class='ocrx_word' id='word_1_12' title='bbox 532 355 685 448; x_wconf 81' lang='lat' dir='ltr'><strong>lippitudo</strong></span> <span class='ocrx_word' id='word_1_13' title='bbox 715 357 809 424; x_wconf 89' lang='lat' dir='ltr'>animi</span> <span class='ocrx_word' id='word_1_14' title='bbox 842 358 852 424; x_wconf 94' lang='lat' dir='ltr'>i</span> <span class='ocrx_word' id='word_1_15' title='bbox 880 359 1029 424; x_wconf 91' lang='lat' dir='ltr'>norontla.</span> <span class='ocrx_word' id='word_1_16' title='bbox 1042 369 1149 428; x_wconf 87' lang='lat' dir='ltr'>natam</span> 
     </span>
     <span class='ocr_line' id='line_1_3' title="bbox 48 379 1147 534; baseline 0.004 -28"><span class='ocrx_word' id='word_1_17' title='bbox 48 441 159 529; x_wconf 76' lang='lat' dir='ltr'><strong>Scyllam</strong></span> <span class='ocrx_word' id='word_1_18' title='bbox 187 455 286 526; x_wconf 64' lang='lat' dir='ltr'>amat}</span> <span class='ocrx_word' id='word_1_19' title='bbox 325 443 451 523; x_wconf 86' lang='lat' dir='ltr'>idest,</span> <span class='ocrx_word' id='word_1_20' title='bbox 489 443 588 531; x_wconf 77' lang='lat' dir='ltr'>quiris</span> <span class='ocrx_word' id='word_1_21' title='bbox 617 467 675 534; x_wconf 90' lang='lat' dir='ltr'>per</span> <span class='ocrx_word' id='word_1_22' title='bbox 702 379 882 534; x_wconf 72' lang='lat' dir='ltr'>hujusmodi</span> <span class='ocrx_word' id='word_1_23' title='bbox 917 444 989 510; x_wconf 78' lang='lat' dir='ltr'>sitia</span> <span class='ocrx_word' id='word_1_24' title='bbox 1011 444 1051 508; x_wconf 83' lang='lat' dir='ltr'>in</span> <span class='ocrx_word' id='word_1_25' title='bbox 1072 443 1147 510; x_wconf 55' lang='lat' dir='ltr'>insi*</span> 
     </span>
     <span class='ocr_line' id='line_1_4' title="bbox 47 526 1172 618; baseline 0.008 -29"><span class='ocrx_word' id='word_1_26' title='bbox 47 526 170 612; x_wconf 79' lang='lat' dir='ltr'><strong>pientiam</strong></span> <span class='ocrx_word' id='word_1_27' title='bbox 188 527 307 618; x_wconf 79' lang='lat' dir='ltr'>lapsus,</span> <span class='ocrx_word' id='word_1_28' title='bbox 339 528 458 596; x_wconf 88' lang='lat' dir='ltr'>hbrdmr</span> <span class='ocrx_word' id='word_1_29' title='bbox 478 527 639 618; x_wconf 83' lang='lat' dir='ltr'>rodulge&#39;t,</span> <span class='ocrx_word' id='word_1_30' title='bbox 669 551 756 596; x_wconf 51' lang='lat' dir='ltr'>¹uae</span> <span class='ocrx_word' id='word_1_31' title='bbox 775 531 925 596; x_wconf 87' lang='lat' dir='ltr'>confusos</span> <span class='ocrx_word' id='word_1_32' title='bbox 946 527 1060 596; x_wconf 83' lang='lat' dir='ltr'>reddit</span> <span class='ocrx_word' id='word_1_33' title='bbox 1103 529 1172 598; x_wconf 75' lang='lat' dir='ltr'>lat-</span> 
     </span>
     <span class='ocr_line' id='line_1_5' title="bbox 46 611 1146 704; baseline 0.006 -28"><span class='ocrx_word' id='word_1_34' title='bbox 46 611 135 678; x_wconf 88' lang='lat' dir='ltr'>merito</span> <span class='ocrx_word' id='word_1_35' title='bbox 156 611 257 682; x_wconf 90' lang='lat' dir='ltr'>luscus</span> <span class='ocrx_word' id='word_1_36' title='bbox 278 614 411 695; x_wconf 88' lang='lat' dir='ltr'>dicitur,</span> <span class='ocrx_word' id='word_1_37' title='bbox 443 616 516 704; x_wconf 85' lang='lat' dir='ltr'>quia</span> <span class='ocrx_word' id='word_1_38' title='bbox 544 617 600 704; x_wconf 87' lang='lat' dir='ltr'>qni</span> <span class='ocrx_word' id='word_1_39' title='bbox 618 614 670 680; x_wconf 92' lang='lat' dir='ltr'>libi</span> <span class='ocrx_word' id='word_1_40' title='bbox 692 615 736 680; x_wconf 64' lang='lat' dir='ltr'>“ni</span> <span class='ocrx_word' id='word_1_41' title='bbox 751 637 883 702; x_wconf 83' lang='lat' dir='ltr'>operam</span> <span class='ocrx_word' id='word_1_42' title='bbox 916 613 991 696; x_wconf 88' lang='lat' dir='ltr'>dot,</span> <span class='ocrx_word' id='word_1_43' title='bbox 1030 625 1146 683; x_wconf 80' lang='lat' dir='ltr'>oaecua&#39;</span> 
     </span>
     <span class='ocr_line' id='line_1_6' title="bbox 45 697 1172 802; baseline 0.003 -42"><span class='ocrx_word' id='word_1_44' title='bbox 45 708 69 762; x_wconf 93' lang='lat' dir='ltr'>et</span> <span class='ocrx_word' id='word_1_45' title='bbox 91 697 228 784; x_wconf 89' lang='lat' dir='ltr'>insipiens</span> <span class='ocrx_word' id='word_1_46' title='bbox 255 715 288 769; x_wconf 88' lang='lat' dir='ltr'>et</span> <span class='ocrx_word' id='word_1_47' title='bbox 317 699 445 788; x_wconf 90' lang='lat' dir='ltr'>putidus</span> <span class='ocrx_word' id='word_1_48' title='bbox 472 713 530 769; x_wconf 92' lang='lat' dir='ltr'>est.</span> <span class='ocrx_word' id='word_1_49' title='bbox 585 701 711 790; x_wconf 82' lang='lat' dir='ltr'>Scyllae</span> <span class='ocrx_word' id='word_1_50' title='bbox 744 723 819 768; x_wconf 86' lang='lat' dir='ltr'>vero</span> <span class='ocrx_word' id='word_1_51' title='bbox 847 701 979 802; x_wconf 74' lang='lat' dir='ltr'>inguina</span> <span class='ocrx_word' id='word_1_52' title='bbox 1006 700 1089 788; x_wconf 86' lang='lat' dir='ltr'>lupis</span> <span class='ocrx_word' id='word_1_53' title='bbox 1116 711 1172 769; x_wconf 76' lang='lat' dir='ltr'>etc</span> 
     </span>
     <span class='ocr_line' id='line_1_7' title="bbox 45 782 1172 875; baseline 0.008 -32"><span class='ocrx_word' id='word_1_54' title='bbox 45 782 154 848; x_wconf 84' lang='lat' dir='ltr'>canibus</span> <span class='ocrx_word' id='word_1_55' title='bbox 172 787 262 855; x_wconf 86' lang='lat' dir='ltr'>mixta</span> <span class='ocrx_word' id='word_1_56' title='bbox 283 785 461 868; x_wconf 77' lang='lat' dir='ltr'>dicuntur„</span> <span class='ocrx_word' id='word_1_57' title='bbox 483 786 558 875; x_wconf 91' lang='lat' dir='ltr'>quia</span> <span class='ocrx_word' id='word_1_58' title='bbox 585 786 762 870; x_wconf 84' lang='lat' dir='ltr'>mulieres,¹</span> <span class='ocrx_word' id='word_1_59' title='bbox 786 785 838 870; x_wconf 77' lang='lat' dir='ltr'>uel</span> <span class='ocrx_word' id='word_1_60' title='bbox 866 807 1003 870; x_wconf 70' lang='lat' dir='ltr'>meorum</span> <span class='ocrx_word' id='word_1_61' title='bbox 1031 785 1149 853; x_wconf 89' lang='lat' dir='ltr'>libidini</span> <span class='ocrx_word' id='word_1_62' title='bbox 1167 845 1172 862; x_wconf 80' lang='grc'><em>,</em></span> 
     </span>
     <span class='ocr_line' id='line_1_8' title="bbox 42 868 1151 960; baseline 0.007 -30"><span class='ocrx_word' id='word_1_63' title='bbox 42 868 208 953; x_wconf 77' lang='lat' dir='ltr'>servientes,</span> <span class='ocrx_word' id='word_1_64' title='bbox 250 883 412 960; x_wconf 88' lang='lat' dir='ltr'>nequeunt</span> <span class='ocrx_word' id='word_1_65' title='bbox 458 870 668 940; x_wconf 73' lang='lat' dir='ltr'>meretriciam</span> <span class='ocrx_word' id='word_1_66' title='bbox 707 872 849 960; x_wconf 86' lang='lat' dir='ltr'>ipsorum</span> <span class='ocrx_word' id='word_1_67' title='bbox 895 869 1151 939; x_wconf 76' lang='lat' dir='ltr'>devorationibus</span> 
     </span>
     <span class='ocr_line' id='line_1_9' title="bbox 42 953 1153 1045; baseline 0.008 -30"><span class='ocrx_word' id='word_1_68' title='bbox 42 964 164 1034; x_wconf 86' lang='lat' dir='ltr'>saturare</span> <span class='ocrx_word' id='word_1_69' title='bbox 197 957 421 1045; x_wconf 68' lang='lat' dir='ltr'>cupiditatem,q</span> <span class='ocrx_word' id='word_1_70' title='bbox 465 956 513 1023; x_wconf 84' lang='lat' dir='ltr'>rel</span> <span class='ocrx_word' id='word_1_71' title='bbox 539 956 634 1045; x_wconf 70' lang='lat' dir='ltr'>,ipsae</span> <span class='ocrx_word' id='word_1_72' title='bbox 672 957 823 1044; x_wconf 73' lang='lat' dir='ltr'>uoluptati</span> <span class='ocrx_word' id='word_1_73' title='bbox 863 953 1015 1036; x_wconf 88' lang='lat' dir='ltr'>deditae,</span> <span class='ocrx_word' id='word_1_74' title='bbox 1055 969 1153 1024; x_wconf 81' lang='lat' dir='ltr'>‘suam</span> 
     </span>
     <span class='ocr_line' id='line_1_10' title="bbox 41 1037 1214 1187; baseline 0.009 -88"><span class='ocrx_word' id='word_1_75' title='bbox 41 1037 165 1187; x_wconf 54' lang='lat' dir='ltr'>nescpunt</span> <span class='ocrx_word' id='word_1_76' title='bbox 182 1067 200 1110; x_wconf 94' lang='lat' dir='ltr'>a</span> <span class='ocrx_word' id='word_1_77' title='bbox 228 1042 466 1132; x_wconf 86' lang='lat' dir='ltr'>corruptoribus</span> <span class='ocrx_word' id='word_1_78' title='bbox 483 1042 686 1110; x_wconf 69' lang='lat' dir='ltr'>vdistrahere</span> <span class='ocrx_word' id='word_1_79' title='bbox 699 1041 916 1112; x_wconf 86' lang='lat' dir='ltr'>substantiam.</span> <span class='ocrx_word' id='word_1_80' title='bbox 971 1041 1073 1109; x_wconf 81' lang='lat' dir='ltr'>Unde</span> <span class='ocrx_word' id='word_1_81' title='bbox 1093 1043 1152 1110; x_wconf 66' lang='lat' dir='ltr'>Jus</span> <span class='ocrx_word' id='word_1_82' title='bbox 1210 1123 1214 1137; x_wconf 32' lang='grc' dir='ltr'><strong><em>Ι</em></strong></span> 
     </span>
     <span class='ocr_line' id='line_1_11' title="bbox 41 1137 1195 1194; baseline 0.005 -6"><span class='ocrx_word' id='word_1_83' title='bbox 41 1139 151 1193; x_wconf 80' lang='lat' dir='ltr'>tenore:</span> <span class='ocrx_word' id='word_1_84' title='bbox 253 1140 261 1156; x_wconf 89' lang='lat'>&#39;</span> <span class='ocrx_word' id='word_1_85' title='bbox 503 1171 506 1180; x_wconf 82' lang='lat'>·</span> <span class='ocrx_word' id='word_1_86' title='bbox 696 1137 699 1142; x_wconf 87' lang='lat'>&#39;</span> <span class='ocrx_word' id='word_1_87' title='bbox 784 1171 785 1176; x_wconf 22' lang='grc' dir='ltr'><strong>κ</strong></span> <span class='ocrx_word' id='word_1_88' title='bbox 864 1160 867 1168; x_wconf 85' lang='lat'><em>·</em></span> <span class='ocrx_word' id='word_1_89' title='bbox 906 1179 908 1186; x_wconf 66' lang='grc'>.</span> <span class='ocrx_word' id='word_1_90' title='bbox 1014 1179 1028 1190; x_wconf 49' lang='grc'>..</span> <span class='ocrx_word' id='word_1_91' title='bbox 1076 1140 1195 1194; x_wconf 89' lang='grc'>..10</span> 
     </span>
     <span class='ocr_line' id='line_1_12' title="bbox 110 1199 1255 1301; baseline 0.001 -25"><span class='ocrx_word' id='word_1_92' title='bbox 110 1211 268 1301; x_wconf 80' lang='lat' dir='ltr'>Prodigo</span> <span class='ocrx_word' id='word_1_93' title='bbox 288 1209 484 1278; x_wconf 61' lang='lat' dir='ltr'>comeaeris</span> <span class='ocrx_word' id='word_1_94' title='bbox 502 1199 712 1298; x_wconf 65' lang='lat' dir='ltr'>&#39;pereuntem</span> <span class='ocrx_word' id='word_1_95' title='bbox 729 1209 1072 1300; x_wconf 62' lang='lat' dir='ltr'>seminanensnmn··</span> <span class='ocrx_word' id='word_1_96' title='bbox 1192 1209 1203 1230; x_wconf 83' lang='lat'><strong><em>‘</em></strong></span> <span class='ocrx_word' id='word_1_97' title='bbox 1251 1283 1255 1289; x_wconf 28' lang='lat'><strong><em>¹</em></strong></span> 
     </span>
     <span class='ocr_line' id='line_1_13' title="bbox 41 1292 1154 1386; baseline 0.004 -28"><span class='ocrx_word' id='word_1_98' title='bbox 41 1292 130 1361; x_wconf 83' lang='lat' dir='ltr'>Uanes</span> <span class='ocrx_word' id='word_1_99' title='bbox 151 1320 224 1365; x_wconf 81' lang='lat' dir='ltr'>vero</span> <span class='ocrx_word' id='word_1_100' title='bbox 245 1311 279 1366; x_wconf 90' lang='lat' dir='ltr'>et</span> <span class='ocrx_word' id='word_1_101' title='bbox 295 1297 434 1386; x_wconf 84' lang='lat' dir='ltr'>lnpiob</span> <span class='ocrx_word' id='word_1_102' title='bbox 457 1296 521 1362; x_wconf 91' lang='lat' dir='ltr'>hoc</span> <span class='ocrx_word' id='word_1_103' title='bbox 540 1319 582 1362; x_wconf 85' lang='lat' dir='ltr'>ex</span> <span class='ocrx_word' id='word_1_104' title='bbox 602 1319 659 1376; x_wconf 87' lang='lat' dir='ltr'>ea,</span> <span class='ocrx_word' id='word_1_105' title='bbox 688 1308 724 1364; x_wconf 91' lang='lat' dir='ltr'>ut</span> <span class='ocrx_word' id='word_1_106' title='bbox 744 1298 788 1364; x_wconf 87' lang='lat' dir='ltr'>ait</span> <span class='ocrx_word' id='word_1_107' title='bbox 809 1296 959 1377; x_wconf 76' lang='lat' dir='ltr'>Servius,</span> <span class='ocrx_word' id='word_1_108' title='bbox 995 1295 1059 1362; x_wconf 90' lang='lat' dir='ltr'>nati</span> <span class='ocrx_word' id='word_1_109' title='bbox 1081 1316 1154 1362; x_wconf 84' lang='lat' dir='ltr'>esse</span> 
     </span>
     <span class='ocr_line' id='line_1_14' title="bbox 41 1379 1155 1471; baseline 0.002 -29"><span class='ocrx_word' id='word_1_110' title='bbox 41 1379 208 1466; x_wconf 83' lang='lat' dir='ltr'>linguntur,</span> <span class='ocrx_word' id='word_1_111' title='bbox 244 1384 319 1471; x_wconf 82' lang='lat' dir='ltr'>qnia</span> <span class='ocrx_word' id='word_1_112' title='bbox 347 1393 381 1448; x_wconf 91' lang='lat' dir='ltr'>et</span> <span class='ocrx_word' id='word_1_113' title='bbox 409 1381 481 1446; x_wconf 86' lang='lat' dir='ltr'>looa</span> <span class='ocrx_word' id='word_1_114' title='bbox 506 1382 576 1469; x_wconf 85' lang='lat' dir='ltr'>ipsa</span> <span class='ocrx_word' id='word_1_115' title='bbox 603 1383 750 1449; x_wconf 76' lang='lat' dir='ltr'>monstris</span> <span class='ocrx_word' id='word_1_116' title='bbox 766 1382 920 1449; x_wconf 80' lang='lat' dir='ltr'>maximis</span> <span class='ocrx_word' id='word_1_117' title='bbox 950 1379 1042 1470; x_wconf 89' lang='lat' dir='ltr'>plena</span> <span class='ocrx_word' id='word_1_118' title='bbox 1070 1387 1155 1459; x_wconf 71' lang='lat' dir='ltr'>sunt,</span> 
     </span>
     <span class='ocr_line' id='line_1_15' title="bbox 41 1465 1228 1554; baseline 0.002 -26"><span class='ocrx_word' id='word_1_119' title='bbox 41 1477 67 1530; x_wconf 88' lang='lat' dir='ltr'>et</span> <span class='ocrx_word' id='word_1_120' title='bbox 85 1466 233 1536; x_wconf 83' lang='lat' dir='ltr'>undarum</span> <span class='ocrx_word' id='word_1_121' title='bbox 256 1467 299 1535; x_wconf 90' lang='lat' dir='ltr'>ad</span> <span class='ocrx_word' id='word_1_122' title='bbox 317 1490 398 1534; x_wconf 77' lang='lat' dir='ltr'>aare</span> <span class='ocrx_word' id='word_1_123' title='bbox 414 1465 570 1533; x_wconf 87' lang='lat' dir='ltr'>allisarum</span> <span class='ocrx_word' id='word_1_124' title='bbox 583 1489 683 1534; x_wconf 89' lang='lat' dir='ltr'>sonus</span> <span class='ocrx_word' id='word_1_125' title='bbox 696 1469 841 1536; x_wconf 87' lang='lat' dir='ltr'>latratum</span> <span class='ocrx_word' id='word_1_126' title='bbox 858 1469 1005 1534; x_wconf 90' lang='lat' dir='ltr'>imitatur.</span> <span class='ocrx_word' id='word_1_127' title='bbox 1046 1465 1155 1554; x_wconf 86' lang='lat' dir='ltr'>Ipsum</span> <span class='ocrx_word' id='word_1_128' title='bbox 1216 1499 1228 1520; x_wconf 61' lang='grc' dir='ltr'>ι</span> 
     </span>
     <span class='ocr_line' id='line_1_16' title="bbox 42 1550 1198 1644; baseline -0.003 -24"><span class='ocrx_word' id='word_1_129' title='bbox 42 1571 153 1644; x_wconf 72' lang='lat' dir='ltr'>tuoque</span> <span class='ocrx_word' id='word_1_130' title='bbox 173 1555 333 1620; x_wconf 81' lang='lat' dir='ltr'>Glaucum</span> <span class='ocrx_word' id='word_1_131' title='bbox 354 1554 389 1618; x_wconf 88' lang='lat' dir='ltr'>in</span> <span class='ocrx_word' id='word_1_132' title='bbox 408 1561 599 1631; x_wconf 83' lang='lat' dir='ltr'>monstrum,</span> <span class='ocrx_word' id='word_1_133' title='bbox 619 1565 657 1620; x_wconf 87' lang='lat' dir='ltr'>ut</span> <span class='ocrx_word' id='word_1_134' title='bbox 679 1554 776 1621; x_wconf 89' lang='lat' dir='ltr'>habet</span> <span class='ocrx_word' id='word_1_135' title='bbox 797 1553 920 1633; x_wconf 85' lang='lat' dir='ltr'>fabula,</span> <span class='ocrx_word' id='word_1_136' title='bbox 942 1550 1198 1618; x_wconf 72' lang='lat' dir='ltr'>deformatunm</span> 
     </span>
     <span class='ocr_line' id='line_1_17' title="bbox 40 1637 1157 1727; baseline 0.004 -29"><span class='ocrx_word' id='word_1_137' title='bbox 40 1655 119 1716; x_wconf 87' lang='lat' dir='ltr'>reor,</span> <span class='ocrx_word' id='word_1_138' title='bbox 150 1637 592 1727; x_wconf 78' lang='lat' dir='ltr'>quislibidinisimpatientia</span> <span class='ocrx_word' id='word_1_139' title='bbox 614 1661 675 1705; x_wconf 88' lang='lat' dir='ltr'>non</span> <span class='ocrx_word' id='word_1_140' title='bbox 704 1640 817 1706; x_wconf 87' lang='lat' dir='ltr'>minor·</span> <span class='ocrx_word' id='word_1_141' title='bbox 834 1638 925 1704; x_wconf 88' lang='lat' dir='ltr'>virilis</span> <span class='ocrx_word' id='word_1_142' title='bbox 946 1661 1048 1704; x_wconf 85' lang='lat' dir='ltr'>sexus·</span> <span class='ocrx_word' id='word_1_143' title='bbox 1061 1656 1157 1725; x_wconf 76' lang='lat' dir='ltr'>quum</span> 
     </span>
     <span class='ocr_line' id='line_1_18' title="bbox 42 1719 1159 1814; baseline 0.004 -32"><span class='ocrx_word' id='word_1_144' title='bbox 42 1719 150 1790; x_wconf 82' lang='lat' dir='ltr'>feminei</span> <span class='ocrx_word' id='word_1_145' title='bbox 170 1723 334 1814; x_wconf 84' lang='lat' dir='ltr'>turpitudo</span> <span class='ocrx_word' id='word_1_146' title='bbox 353 1721 552 1814; x_wconf 79' lang='lat' dir='ltr'>perditisque</span> <span class='ocrx_word' id='word_1_147' title='bbox 574 1723 621 1791; x_wconf 86' lang='lat' dir='ltr'>sit</span> <span class='ocrx_word' id='word_1_148' title='bbox 672 1724 771 1791; x_wconf 83' lang='lat' dir='ltr'>Uirce</span> <span class='ocrx_word' id='word_1_149' title='bbox 794 1724 931 1814; x_wconf 80' lang='lat' dir='ltr'><strong>Scyllam</strong></span> <span class='ocrx_word' id='word_1_150' title='bbox 953 1722 1058 1789; x_wconf 83' lang='lat' dir='ltr'>odisse</span> <span class='ocrx_word' id='word_1_151' title='bbox 1080 1720 1159 1787; x_wconf 88' lang='lat' dir='ltr'>dici-</span> 
     </span>
     <span class='ocr_line' id='line_1_19' title="bbox 42 1807 1160 1899; baseline -0.003 -25"><span class='ocrx_word' id='word_1_152' title='bbox 42 1815 83 1874; x_wconf 88' lang='lat' dir='ltr'>tur</span> <span class='ocrx_word' id='word_1_153' title='bbox 101 1820 144 1875; x_wconf 56' lang='lat' dir='ltr'>et*</span> <span class='ocrx_word' id='word_1_154' title='bbox 158 1811 321 1890; x_wconf 87' lang='lat' dir='ltr'>mutasse,</span> <span class='ocrx_word' id='word_1_155' title='bbox 364 1809 441 1897; x_wconf 89' lang='lat' dir='ltr'>quia</span> <span class='ocrx_word' id='word_1_156' title='bbox 458 1807 577 1890; x_wconf 79' lang='lat' dir='ltr'>Uiroe,</span> <span class='ocrx_word' id='word_1_157' title='bbox 621 1823 656 1876; x_wconf 91' lang='lat' dir='ltr'>ut</span> <span class='ocrx_word' id='word_1_158' title='bbox 677 1827 776 1899; x_wconf 83' lang='lat' dir='ltr'>supra·</span> <span class='ocrx_word' id='word_1_159' title='bbox 805 1809 964 1888; x_wconf 70' lang='lat' dir='ltr'>diximus,</span> <span class='ocrx_word' id='word_1_160' title='bbox 992 1817 1160 1872; x_wconf 80' lang='lat' dir='ltr'>manuum</span> 
     </span>
     <span class='ocr_line' id='line_1_20' title="bbox 15 1890 1161 1984; baseline 0.005 -32"><span class='ocrx_word' id='word_1_161' title='bbox 15 1913 18 1920; x_wconf 49' lang='lat'>¹</span> <span class='ocrx_word' id='word_1_162' title='bbox 37 1890 195 1972; x_wconf 80' lang='lat' dir='ltr'>judicium</span> <span class='ocrx_word' id='word_1_163' title='bbox 216 1895 280 1964; x_wconf 42' lang='lat' dir='ltr'>vel*</span> <span class='ocrx_word' id='word_1_164' title='bbox 297 1893 458 1984; x_wconf 62' lang='lat' dir='ltr'>operatio&lt;</span> <span class='ocrx_word' id='word_1_165' title='bbox 473 1894 706 1983; x_wconf 73' lang='lat' dir='ltr'>interpretetur.</span> <span class='ocrx_word' id='word_1_166' title='bbox 753 1895 915 1962; x_wconf 72' lang='lat' dir='ltr'>Laborem</span> <span class='ocrx_word' id='word_1_167' title='bbox 940 1906 1065 1965; x_wconf 89' lang='lat' dir='ltr'>autern,</span> <span class='ocrx_word' id='word_1_168' title='bbox 1093 1906 1161 1958; x_wconf 81' lang='lat' dir='ltr'>ma-</span> 
     </span>
     <span class='ocr_line' id='line_1_21' title="bbox 42 1969 1203 2070; baseline 0.004 -33"><span class='ocrx_word' id='word_1_169' title='bbox 42 1995 123 2044; x_wconf 86' lang='lat' dir='ltr'>nnum</span> <span class='ocrx_word' id='word_1_170' title='bbox 156 1979 315 2070; x_wconf 89' lang='lat' dir='ltr'>judicium</span> <span class='ocrx_word' id='word_1_171' title='bbox 345 1977 467 2046; x_wconf 79' lang='lat' dir='ltr'>scilicet</span> <span class='ocrx_word' id='word_1_172' title='bbox 497 1979 545 2044; x_wconf 85' lang='lat' dir='ltr'>vel</span> <span class='ocrx_word' id='word_1_173' title='bbox 578 1980 813 2068; x_wconf 80' lang='lat' dir='ltr'>operationem,</span> <span class='ocrx_word' id='word_1_174' title='bbox 851 1979 963 2047; x_wconf 91' lang='lat' dir='ltr'>mulier</span> <span class='ocrx_word' id='word_1_175' title='bbox 994 1969 1203 2056; x_wconf 66' lang='lat' dir='ltr'>libidinosam</span> 
     </span>
     <span class='ocr_line' id='line_1_22' title="bbox 43 2059 1163 2155; baseline 0.007 -33"><span class='ocrx_word' id='word_1_176' title='bbox 43 2059 165 2148; x_wconf 62' lang='lat' dir='ltr'>fastidite</span> <span class='ocrx_word' id='word_1_177' title='bbox 197 2089 284 2155; x_wconf 85' lang='lat' dir='ltr'>qnae</span> <span class='ocrx_word' id='word_1_178' title='bbox 314 2063 433 2130; x_wconf 89' lang='lat' dir='ltr'>libidini</span> <span class='ocrx_word' id='word_1_179' title='bbox 465 2063 594 2144; x_wconf 87' lang='lat' dir='ltr'>tandem</span> <span class='ocrx_word' id='word_1_180' title='bbox 640 2065 807 2152; x_wconf 86' lang='lat' dir='ltr'>aliquando</span> <span class='ocrx_word' id='word_1_181' title='bbox 852 2065 1054 2144; x_wconf 82' lang='lat' dir='ltr'>renuntians,</span> <span class='ocrx_word' id='word_1_182' title='bbox 1097 2059 1163 2132; x_wconf 83' lang='lat' dir='ltr'>otia</span> 
     </span>
     <span class='ocr_line' id='line_1_23' title="bbox 43 2149 1152 2240; baseline 0.007 -31"><span class='ocrx_word' id='word_1_183' title='bbox 43 2149 153 2216; x_wconf 82' lang='lat' dir='ltr'>veneria</span> <span class='ocrx_word' id='word_1_184' title='bbox 171 2152 203 2217; x_wconf 92' lang='lat' dir='ltr'>in</span> <span class='ocrx_word' id='word_1_185' title='bbox 218 2149 532 2240; x_wconf 82' lang='lat' dir='ltr'>operumtranslert</span> <span class='ocrx_word' id='word_1_186' title='bbox 552 2151 821 2216; x_wconf 83' lang='lat' dir='ltr'>exercitationem.</span> <span class='ocrx_word' id='word_1_187' title='bbox 854 2179 874 2194; x_wconf 86' lang='lat'>··</span> <span class='ocrx_word' id='word_1_188' title='bbox 1148 2182 1152 2192; x_wconf 87' lang='lat'><em>·</em></span> 
     </span>
    </p>
   </div>
   <div class='ocr_carea' id='block_1_3' title="bbox 111 2195 1162 2326">
    <p class='ocr_par' dir='ltr' id='par_1_3' title="bbox 111 2195 1162 2326">
     <span class='ocr_line' id='line_1_24' title="bbox 111 2195 1162 2326; baseline -0.002 -26"><span class='ocrx_word' id='word_1_189' title='bbox 111 2237 138 2300; x_wconf 88' lang='grc'>9.</span> <span class='ocrx_word' id='word_1_190' title='bbox 176 2229 250 2305; x_wconf 74' lang='lat' dir='ltr'>&#39;Per</span> <span class='ocrx_word' id='word_1_191' title='bbox 271 2234 407 2326; x_wconf 77' lang='lat' dir='ltr'><strong>Scyllam</strong></span> <span class='ocrx_word' id='word_1_192' title='bbox 428 2232 536 2300; x_wconf 86' lang='lat' dir='ltr'>Ulixes</span> <span class='ocrx_word' id='word_1_193' title='bbox 557 2234 712 2302; x_wconf 89' lang='lat' dir='ltr'>innocuus</span> <span class='ocrx_word' id='word_1_194' title='bbox 733 2234 875 2314; x_wconf 90' lang='lat' dir='ltr'>transiit,</span> <span class='ocrx_word' id='word_1_195' title='bbox 926 2233 981 2298; x_wconf 89' lang='lat' dir='ltr'>uia</span> <span class='ocrx_word' id='word_1_196' title='bbox 1002 2195 1162 2318; x_wconf 76' lang='lat' dir='ltr'>sapientes</span> 
     </span>
    </p>
   </div>
   <div class='ocr_carea' id='block_1_4' title="bbox 43 2257 1346 2404">
    <p class='ocr_par' dir='ltr' id='par_1_4' title="bbox 43 2257 1346 2404">
     <span class='ocr_line' id='line_1_25' title="bbox 43 2257 1346 2404; baseline -0.001 -27"><span class='ocrx_word' id='word_1_197' title='bbox 43 2312 124 2382; x_wconf 90' lang='lat' dir='ltr'>libido</span> <span class='ocrx_word' id='word_1_198' title='bbox 143 2316 335 2388; x_wconf 71' lang='lat' dir='ltr'>somissis.</span> <span class='ocrx_word' id='word_1_199' title='bbox 389 2317 485 2386; x_wconf 84' lang='lat' dir='ltr'>Unde</span> <span class='ocrx_word' id='word_1_200' title='bbox 512 2329 545 2386; x_wconf 86' lang='lat' dir='ltr'>et</span> <span class='ocrx_word' id='word_1_201' title='bbox 571 2340 702 2404; x_wconf 71' lang='lat' dir='ltr'>uxorem</span> <span class='ocrx_word' id='word_1_202' title='bbox 731 2319 882 2386; x_wconf 78' lang='lat' dir='ltr'>habuisse</span> <span class='ocrx_word' id='word_1_203' title='bbox 899 2257 1026 2384; x_wconf 67' lang='lat' dir='ltr'>dicitur</span> <span class='ocrx_word' id='word_1_204' title='bbox 1052 2317 1163 2384; x_wconf 80' lang='lat' dir='ltr'>Pene-</span> <span class='ocrx_word' id='word_1_205' title='bbox 1244 2349 1246 2355; x_wconf 38' lang='lat' dir='ltr'><strong><em>s</em></strong></span> <span class='ocrx_word' id='word_1_206' title='bbox 1345 2347 1346 2352; x_wconf 17' lang='grc' dir='ltr'><strong>κ</strong></span> 
     </span>
    </p>
   </div>
   <div class='ocr_carea' id='block_1_5' title="bbox 42 2399 1206 2593">
    <p class='ocr_par' dir='ltr' id='par_1_5' title="bbox 42 2399 1206 2593">
     <span class='ocr_line' id='line_1_26' title="bbox 42 2399 1206 2494; baseline -0.007 -15"><span class='ocrx_word' id='word_1_207' title='bbox 42 2399 122 2488; x_wconf 74' lang='lat' dir='ltr'>l⁰ptn</span> <span class='ocrx_word' id='word_1_208' title='bbox 155 2407 392 2485; x_wconf 87' lang='lat' dir='ltr'>castissimam,</span> <span class='ocrx_word' id='word_1_209' title='bbox 412 2403 491 2492; x_wconf 39' lang='lat' dir='ltr'>,quia</span> <span class='ocrx_word' id='word_1_210' title='bbox 525 2405 626 2472; x_wconf 84' lang='lat' dir='ltr'>omnis</span> <span class='ocrx_word' id='word_1_211' title='bbox 656 2403 784 2492; x_wconf 76' lang='lat' dir='ltr'>sapiens</span> <span class='ocrx_word' id='word_1_212' title='bbox 821 2403 1004 2494; x_wconf 91' lang='lat' dir='ltr'>pudicitiam</span> <span class='ocrx_word' id='word_1_213' title='bbox 1034 2417 1206 2471; x_wconf 63' lang='lat' dir='ltr'>servarem</span> 
     </span>
     <span class='ocr_line' id='line_1_27' title="bbox 42 2487 1163 2593; baseline 0.003 -44"><span class='ocrx_word' id='word_1_214' title='bbox 42 2489 155 2558; x_wconf 84' lang='lat' dir='ltr'>nitatur.</span> <span class='ocrx_word' id='word_1_215' title='bbox 197 2495 245 2563; x_wconf 80' lang='lat' dir='ltr'>Et</span> <span class='ocrx_word' id='word_1_216' title='bbox 277 2490 319 2557; x_wconf 88' lang='lat' dir='ltr'>de</span> <span class='ocrx_word' id='word_1_217' title='bbox 350 2512 390 2556; x_wconf 89' lang='lat' dir='ltr'>eo</span> <span class='ocrx_word' id='word_1_218' title='bbox 419 2488 535 2579; x_wconf 86' lang='lat' dir='ltr'>aliquid</span> <span class='ocrx_word' id='word_1_219' title='bbox 560 2491 794 2593; x_wconf 73' lang='lat' dir='ltr'>expatiantium</span> <span class='ocrx_word' id='word_1_220' title='bbox 810 2533 814 2541; x_wconf 40' lang='grc' dir='ltr'><strong><em>ι</em></strong></span> <span class='ocrx_word' id='word_1_221' title='bbox 829 2501 886 2556; x_wconf 85' lang='lat' dir='ltr'>est.</span> <span class='ocrx_word' id='word_1_222' title='bbox 938 2487 1163 2578; x_wconf 75' lang='lat' dir='ltr'>Polyphemus,</span> 
     </span>
    </p>
   </div>
   <div class='ocr_carea' id='block_1_6' title="bbox 41 2569 1344 2665">
    <p class='ocr_par' dir='ltr' id='par_1_6' title="bbox 41 2569 1344 2665">
     <span class='ocr_line' id='line_1_28' title="bbox 41 2569 1344 2665; baseline -0.002 -26"><span class='ocrx_word' id='word_1_223' title='bbox 41 2587 71 2639; x_wconf 91' lang='lat' dir='ltr'>ut</span> <span class='ocrx_word' id='word_1_224' title='bbox 99 2577 229 2648; x_wconf 81' lang='lat' dir='ltr'>Servius</span> <span class='ocrx_word' id='word_1_225' title='bbox 271 2586 535 2655; x_wconf 84' lang='lat' dir='ltr'>commemoret,·.</span> <span class='ocrx_word' id='word_1_226' title='bbox 551 2598 602 2642; x_wconf 82' lang='lat' dir='ltr'>mr</span> <span class='ocrx_word' id='word_1_227' title='bbox 635 2569 916 2665; x_wconf 81' lang='lat' dir='ltr'>prudentissimus,</span> <span class='ocrx_word' id='word_1_228' title='bbox 955 2588 988 2640; x_wconf 91' lang='lat' dir='ltr'>et</span> <span class='ocrx_word' id='word_1_229' title='bbox 1022 2575 1065 2638; x_wconf 92' lang='lat' dir='ltr'>ob</span> <span class='ocrx_word' id='word_1_230' title='bbox 1103 2572 1168 2639; x_wconf 90' lang='lat' dir='ltr'>hoc</span> <span class='ocrx_word' id='word_1_231' title='bbox 1272 2615 1275 2620; x_wconf 90' lang='lat'>-</span> <span class='ocrx_word' id='word_1_232' title='bbox 1343 2607 1344 2612; x_wconf 17' lang='grc' dir='ltr'><strong>κ</strong></span> 
     </span>
    </p>
   </div>
   <div class='ocr_carea' id='block_1_7' title="bbox 35 2657 1289 4294">
    <p class='ocr_par' dir='ltr' id='par_1_7' title="bbox 35 2657 1289 4294">
     <span class='ocr_line' id='line_1_29' title="bbox 42 2657 1167 2750; baseline -0.008 -20"><span class='ocrx_word' id='word_1_233' title='bbox 42 2661 154 2730; x_wconf 76' lang='lat' dir='ltr'>oculum</span> <span class='ocrx_word' id='word_1_234' title='bbox 173 2688 275 2732; x_wconf 89' lang='lat' dir='ltr'>unum</span> <span class='ocrx_word' id='word_1_235' title='bbox 288 2665 319 2728; x_wconf 93' lang='lat' dir='ltr'>in</span> <span class='ocrx_word' id='word_1_236' title='bbox 337 2661 450 2748; x_wconf 78' lang='lat' dir='ltr'>fronte,</span> <span class='ocrx_word' id='word_1_237' title='bbox 472 2659 505 2724; x_wconf 91' lang='lat' dir='ltr'>id</span> <span class='ocrx_word' id='word_1_238' title='bbox 521 2673 570 2728; x_wconf 85' lang='lat' dir='ltr'>est</span> <span class='ocrx_word' id='word_1_239' title='bbox 586 2661 678 2750; x_wconf 81' lang='lat' dir='ltr'>juxta</span> <span class='ocrx_word' id='word_1_240' title='bbox 693 2664 859 2729; x_wconf 82' lang='lat' dir='ltr'>cerebrum</span> <span class='ocrx_word' id='word_1_241' title='bbox 875 2661 1024 2727; x_wconf 89' lang='lat' dir='ltr'>hahuisse</span> <span class='ocrx_word' id='word_1_242' title='bbox 1040 2657 1167 2738; x_wconf 87' lang='lat' dir='ltr'>dicitur,</span> 
     </span>
     <span class='ocr_line' id='line_1_30' title="bbox 41 2743 1270 2896; baseline -0.004 -83"><span class='ocrx_word' id='word_1_243' title='bbox 41 2745 117 2831; x_wconf 63' lang='lat' dir='ltr'>quia,</span> <span class='ocrx_word' id='word_1_244' title='bbox 136 2749 308 2838; x_wconf 87' lang='lat' dir='ltr'>prudentia</span> <span class='ocrx_word' id='word_1_245' title='bbox 338 2748 409 2896; x_wconf 78' lang='lat' dir='ltr'>plus</span> <span class='ocrx_word' id='word_1_246' title='bbox 437 2743 572 2811; x_wconf 84' lang='lat' dir='ltr'>ridebat.</span> <span class='ocrx_word' id='word_1_247' title='bbox 626 2749 715 2814; x_wconf 84' lang='lat' dir='ltr'>Hinc</span> <span class='ocrx_word' id='word_1_248' title='bbox 740 2761 773 2816; x_wconf 86' lang='lat' dir='ltr'>et</span> <span class='ocrx_word' id='word_1_249' title='bbox 802 2746 1017 2836; x_wconf 80' lang='lat' dir='ltr'>Bolyp‘hemus</span> <span class='ocrx_word' id='word_1_250' title='bbox 1043 2743 1167 2823; x_wconf 85' lang='lat' dir='ltr'>merito,</span> <span class='ocrx_word' id='word_1_251' title='bbox 1266 2759 1270 2763; x_wconf 86' lang='grc'><strong><em>·</em></strong></span> 
     </span>
     <span class='ocr_line' id='line_1_31' title="bbox 40 2829 1238 2904; baseline -0.004 -10"><span class='ocrx_word' id='word_1_252' title='bbox 40 2829 69 2894; x_wconf 91' lang='lat' dir='ltr'>id</span> <span class='ocrx_word' id='word_1_253' title='bbox 98 2847 146 2901; x_wconf 91' lang='lat' dir='ltr'>est</span> <span class='ocrx_word' id='word_1_254' title='bbox 177 2835 315 2902; x_wconf 75' lang='lat' dir='ltr'>multae</span> <span class='ocrx_word' id='word_1_255' title='bbox 359 2829 433 2896; x_wconf 81' lang='lat' dir='ltr'>ucis</span> <span class='ocrx_word' id='word_1_256' title='bbox 465 2829 569 2897; x_wconf 86' lang='lat' dir='ltr'>dictus</span> <span class='ocrx_word' id='word_1_257' title='bbox 601 2831 732 2904; x_wconf 79' lang='lat' dir='ltr'>ridetur.</span> <span class='ocrx_word' id='word_1_258' title='bbox 767 2833 907 2900; x_wconf 86' lang='lat' dir='ltr'>&#39;Verum</span> <span class='ocrx_word' id='word_1_259' title='bbox 939 2831 1050 2898; x_wconf 85' lang='lat' dir='ltr'>Ulixes</span> <span class='ocrx_word' id='word_1_260' title='bbox 1079 2829 1238 2894; x_wconf 66' lang='grc' dir='ltr'>11Ιοοιοο-</span> 
     </span>
     <span class='ocr_line' id='line_1_32' title="bbox 42 2913 1171 3007; baseline 0.001 -28"><span class='ocrx_word' id='word_1_261' title='bbox 42 2922 214 3004; x_wconf 79' lang='lat' dir='ltr'>superarit3·</span> <span class='ocrx_word' id='word_1_262' title='bbox 236 2917 376 3007; x_wconf 72' lang='lat' dir='ltr'>ideoque</span> <span class='ocrx_word' id='word_1_263' title='bbox 396 2937 469 2982; x_wconf 92' lang='lat' dir='ltr'>eum</span> <span class='ocrx_word' id='word_1_264' title='bbox 492 2919 805 3003; x_wconf 82' lang='lat' dir='ltr'>caecassefingitnr.</span> <span class='ocrx_word' id='word_1_265' title='bbox 847 2917 939 2983; x_wconf 86' lang='lat' dir='ltr'>Idem</span> <span class='ocrx_word' id='word_1_266' title='bbox 956 2913 1171 3001; x_wconf 81' lang='lat' dir='ltr'>Ulixesquasi</span> 
     </span>
     <span class='ocr_line' id='line_1_33' title="bbox 39 2998 1172 3097; baseline -0.003 -30"><span class='ocrx_word' id='word_1_267' title='bbox 39 2999 117 3072; x_wconf 72' lang='grc' dir='ltr'><em>ὄλων-</em></span> <span class='ocrx_word' id='word_1_268' title='bbox 138 3009 235 3084; x_wconf 62' lang='lat' dir='ltr'>§teng</span> <span class='ocrx_word' id='word_1_269' title='bbox 253 3004 410 3068; x_wconf 82' lang='lat' dir='ltr'>omnium</span> <span class='ocrx_word' id='word_1_270' title='bbox 436 3000 885 3087; x_wconf 74' lang='lat' dir='ltr'>peregrinusdicimeruit,</span> <span class='ocrx_word' id='word_1_271' title='bbox 916 3001 991 3097; x_wconf 76' lang='lat' dir='ltr'>anja</span> <span class='ocrx_word' id='word_1_272' title='bbox 1020 2998 1172 3088; x_wconf 85' lang='lat' dir='ltr'>sapientia</span> 
     </span>
     <span class='ocr_line' id='line_1_34' title="bbox 41 3083 1173 3173; baseline -0.001 -24"><span class='ocrx_word' id='word_1_273' title='bbox 41 3092 170 3158; x_wconf 83' lang='lat' dir='ltr'>erebus</span> <span class='ocrx_word' id='word_1_274' title='bbox 192 3090 341 3156; x_wconf 88' lang='lat' dir='ltr'>omnibus</span> <span class='ocrx_word' id='word_1_275' title='bbox 361 3085 526 3152; x_wconf 85' lang='lat' dir='ltr'>mundanis</span> <span class='ocrx_word' id='word_1_276' title='bbox 546 3090 734 3173; x_wconf 85' lang='lat' dir='ltr'>peregrinos</span> <span class='ocrx_word' id='word_1_277' title='bbox 756 3088 840 3155; x_wconf 86' lang='lat' dir='ltr'>lacit.</span> <span class='ocrx_word' id='word_1_278' title='bbox 877 3087 970 3154; x_wconf 74' lang='lat' dir='ltr'>&#39;Hinc</span> <span class='ocrx_word' id='word_1_279' title='bbox 990 3097 1060 3160; x_wconf 70' lang='lat' dir='ltr'>est,</span> <span class='ocrx_word' id='word_1_280' title='bbox 1078 3083 1173 3172; x_wconf 66' lang='lat' dir='ltr'>=qu0d</span> 
     </span>
     <span class='ocr_line' id='line_1_35' title="bbox 40 3169 1173 3243; baseline 0 -7"><span class='ocrx_word' id='word_1_281' title='bbox 40 3171 165 3243; x_wconf 86' lang='lat' dir='ltr'>Sirenes</span> <span class='ocrx_word' id='word_1_282' title='bbox 187 3171 423 3242; x_wconf 87' lang='lat' dir='ltr'>contemnendo</span> <span class='ocrx_word' id='word_1_283' title='bbox 446 3169 488 3236; x_wconf 89' lang='lat' dir='ltr'>ad</span> <span class='ocrx_word' id='word_1_284' title='bbox 509 3183 643 3238; x_wconf 89' lang='lat' dir='ltr'>mortem</span> <span class='ocrx_word' id='word_1_285' title='bbox 677 3173 791 3240; x_wconf 89' lang='lat' dir='ltr'>dicitur</span> <span class='ocrx_word' id='word_1_286' title='bbox 806 3170 994 3239; x_wconf 83' lang='lat' dir='ltr'>deduxisse.</span> <span class='ocrx_word' id='word_1_287' title='bbox 1044 3171 1173 3239; x_wconf 85' lang='lat' dir='ltr'>Sirenes</span> 
     </span>
     <span class='ocr_line' id='line_1_36' title="bbox 41 3255 1214 3344; baseline 0.005 -26"><span class='ocrx_word' id='word_1_288' title='bbox 41 3258 118 3324; x_wconf 90' lang='lat' dir='ltr'>enim</span> <span class='ocrx_word' id='word_1_289' title='bbox 139 3257 321 3330; x_wconf 88' lang='lat' dir='ltr'>secundum</span> <span class='ocrx_word' id='word_1_290' title='bbox 344 3256 482 3326; x_wconf 87' lang='lat' dir='ltr'>fabulam</span> <span class='ocrx_word' id='word_1_291' title='bbox 502 3268 570 3324; x_wconf 87' lang='lat' dir='ltr'>tres</span> <span class='ocrx_word' id='word_1_292' title='bbox 588 3255 735 3340; x_wconf 76' lang='lat' dir='ltr'>luerunt,</span> <span class='ocrx_word' id='word_1_293' title='bbox 799 3270 868 3324; x_wconf 83' lang='lat' dir='ltr'>arte</span> <span class='ocrx_word' id='word_1_294' title='bbox 888 3258 1044 3336; x_wconf 67' lang='lat' dir='ltr'>virgines,</span> <span class='ocrx_word' id='word_1_295' title='bbox 1082 3267 1214 3344; x_wconf 65' lang='lat' dir='ltr'>porteto</span> 
     </span>
     <span class='ocr_line' id='line_1_37' title="bbox 40 3278 1175 3434; baseline 0 -29"><span class='ocrx_word' id='word_1_296' title='bbox 40 3345 205 3428; x_wconf 84' lang='lat' dir='ltr'>volucres,</span> <span class='ocrx_word' id='word_1_297' title='bbox 239 3341 369 3413; x_wconf 85' lang='lat' dir='ltr'>Acheloi</span> <span class='ocrx_word' id='word_1_298' title='bbox 389 3342 525 3414; x_wconf 83' lang='lat' dir='ltr'>fluminis</span> <span class='ocrx_word' id='word_1_299' title='bbox 547 3353 579 3409; x_wconf 88' lang='lat' dir='ltr'>et</span> <span class='ocrx_word' id='word_1_300' title='bbox 600 3343 758 3434; x_wconf 80' lang='lat' dir='ltr'>Calliopes</span> <span class='ocrx_word' id='word_1_301' title='bbox 774 3278 894 3410; x_wconf 65' lang='lat' dir='ltr'>hdusae</span> <span class='ocrx_word' id='word_1_302' title='bbox 914 3343 1006 3408; x_wconf 86' lang='lat' dir='ltr'>filiae.</span> <span class='ocrx_word' id='word_1_303' title='bbox 1049 3339 1175 3406; x_wconf 88' lang='lat' dir='ltr'>Harum</span> 
     </span>
     <span class='ocr_line' id='line_1_38' title="bbox 41 3426 1176 3520; baseline -0.001 -28"><span class='ocrx_word' id='word_1_304' title='bbox 41 3450 98 3495; x_wconf 89' lang='lat' dir='ltr'>nna</span> <span class='ocrx_word' id='word_1_305' title='bbox 120 3455 223 3512; x_wconf 81' lang='lat' dir='ltr'>voce,</span> <span class='ocrx_word' id='word_1_306' title='bbox 255 3431 353 3498; x_wconf 86' lang='lat' dir='ltr'>ultera</span> <span class='ocrx_word' id='word_1_307' title='bbox 380 3426 462 3496; x_wconf 88' lang='lat' dir='ltr'>tibiis</span> <span class='ocrx_word' id='word_1_308' title='bbox 474 3462 491 3510; x_wconf 88' lang='lat'>,·</span> <span class='ocrx_word' id='word_1_309' title='bbox 519 3427 613 3496; x_wconf 80' lang='lat' dir='ltr'>tertia</span> <span class='ocrx_word' id='word_1_310' title='bbox 640 3429 708 3520; x_wconf 89' lang='lat' dir='ltr'>lyra</span> <span class='ocrx_word' id='word_1_311' title='bbox 734 3431 880 3497; x_wconf 85' lang='lat' dir='ltr'>canebat.</span> <span class='ocrx_word' id='word_1_312' title='bbox 929 3427 1040 3494; x_wconf 85' lang='lat' dir='ltr'>Primo</span> <span class='ocrx_word' id='word_1_313' title='bbox 1069 3437 1176 3492; x_wconf 86' lang='lat' dir='ltr'>autem</span> 
     </span>
     <span class='ocr_line' id='line_1_39' title="bbox 35 3510 1175 3602; baseline -0.003 -23"><span class='ocrx_word' id='word_1_314' title='bbox 35 3510 121 3600; x_wconf 79' lang='lat' dir='ltr'>juxta</span> <span class='ocrx_word' id='word_1_315' title='bbox 143 3517 320 3597; x_wconf 76' lang='lat' dir='ltr'>Pelorum,</span> <span class='ocrx_word' id='word_1_316' title='bbox 339 3524 420 3601; x_wconf 86' lang='lat' dir='ltr'>post</span> <span class='ocrx_word' id='word_1_317' title='bbox 438 3515 470 3579; x_wconf 93' lang='lat' dir='ltr'>in</span> <span class='ocrx_word' id='word_1_318' title='bbox 494 3515 544 3590; x_wconf 82' lang='lat' dir='ltr'>Oa</span> <span class='ocrx_word' id='word_1_319' title='bbox 589 3518 669 3584; x_wconf 88' lang='lat' dir='ltr'>areis</span> <span class='ocrx_word' id='word_1_320' title='bbox 691 3516 928 3593; x_wconf 78' lang='lat' dir='ltr'>habitaverunt,</span> <span class='ocrx_word' id='word_1_321' title='bbox 949 3535 1033 3602; x_wconf 87' lang='lat' dir='ltr'>quae</span> <span class='ocrx_word' id='word_1_322' title='bbox 1054 3511 1175 3578; x_wconf 87' lang='lat' dir='ltr'>illectos</span> 
     </span>
     <span class='ocr_line' id='line_1_40' title="bbox 39 3597 1289 3685; baseline -0.003 -22"><span class='ocrx_word' id='word_1_323' title='bbox 39 3623 94 3665; x_wconf 90' lang='lat' dir='ltr'>suo</span> <span class='ocrx_word' id='word_1_324' title='bbox 131 3614 236 3670; x_wconf 88' lang='lat' dir='ltr'>cantu</span> <span class='ocrx_word' id='word_1_325' title='bbox 264 3601 296 3673; x_wconf 87' lang='lat' dir='ltr'>in</span> <span class='ocrx_word' id='word_1_326' title='bbox 329 3598 498 3685; x_wconf 78' lang='lat' dir='ltr'>naufragia</span> <span class='ocrx_word' id='word_1_327' title='bbox 552 3599 739 3671; x_wconf 86' lang='lat' dir='ltr'>educebant.</span> <span class='ocrx_word' id='word_1_328' title='bbox 794 3602 871 3667; x_wconf 70' lang='lat' dir='ltr'>Per&#39;</span> <span class='ocrx_word' id='word_1_329' title='bbox 896 3598 953 3664; x_wconf 88' lang='lat' dir='ltr'>has</span> <span class='ocrx_word' id='word_1_330' title='bbox 987 3597 1219 3664; x_wconf 70' lang='lat' dir='ltr'>transiturusto</span> <span class='ocrx_word' id='word_1_331' title='bbox 1285 3627 1289 3630; x_wconf 87' lang='lat'>·</span> 
     </span>
     <span class='ocr_line' id='line_1_41' title="bbox 41 3681 1177 3771; baseline -0.004 -21"><span class='ocrx_word' id='word_1_332' title='bbox 41 3684 149 3756; x_wconf 82' lang='lat' dir='ltr'>Ulixes</span> <span class='ocrx_word' id='word_1_333' title='bbox 172 3685 271 3756; x_wconf 85' lang='lat' dir='ltr'>sociis</span> <span class='ocrx_word' id='word_1_334' title='bbox 293 3707 386 3752; x_wconf 88' lang='lat' dir='ltr'>aures</span> <span class='ocrx_word' id='word_1_335' title='bbox 416 3707 491 3754; x_wconf 85' lang='lat' dir='ltr'>cera</span> <span class='ocrx_word' id='word_1_336' title='bbox 512 3687 687 3764; x_wconf 78' lang='lat' dir='ltr'>obturarit,</span> <span class='ocrx_word' id='word_1_337' title='bbox 720 3703 757 3754; x_wconf 80' lang='lat' dir='ltr'>se</span> <span class='ocrx_word' id='word_1_338' title='bbox 776 3683 859 3754; x_wconf 88' lang='lat' dir='ltr'>malo</span> <span class='ocrx_word' id='word_1_339' title='bbox 879 3683 1018 3771; x_wconf 77' lang='lat' dir='ltr'>alligauit</span> <span class='ocrx_word' id='word_1_340' title='bbox 1036 3681 1177 3750; x_wconf 85' lang='lat' dir='ltr'>illaesus-</span> 
     </span>
     <span class='ocr_line' id='line_1_42' title="bbox 41 3767 1180 3862; baseline -0.004 -26"><span class='ocrx_word' id='word_1_341' title='bbox 41 3793 101 3856; x_wconf 85' lang='lat' dir='ltr'>que</span> <span class='ocrx_word' id='word_1_342' title='bbox 123 3771 321 3862; x_wconf 85' lang='lat' dir='ltr'>pertransiit.</span> <span class='ocrx_word' id='word_1_343' title='bbox 352 3769 471 3844; x_wconf 86' lang='lat' dir='ltr'>·Qnod</span> <span class='ocrx_word' id='word_1_344' title='bbox 501 3769 572 3836; x_wconf 91' lang='lat' dir='ltr'>illae</span> <span class='ocrx_word' id='word_1_345' title='bbox 589 3774 730 3858; x_wconf 80' lang='lat' dir='ltr'>graviter</span> <span class='ocrx_word' id='word_1_346' title='bbox 751 3773 907 3848; x_wconf 79' lang='lat' dir='ltr'>ferentes,</span> <span class='ocrx_word' id='word_1_347' title='bbox 940 3767 1058 3834; x_wconf 88' lang='lat' dir='ltr'>doloris</span> <span class='ocrx_word' id='word_1_348' title='bbox 1079 3767 1180 3854; x_wconf 88' lang='lat' dir='ltr'>impa-</span> 
     </span>
     <span class='ocr_line' id='line_1_43' title="bbox 42 3852 1181 3944; baseline -0.004 -22"><span class='ocrx_word' id='word_1_349' title='bbox 42 3859 151 3928; x_wconf 87' lang='lat' dir='ltr'>tientia</span> <span class='ocrx_word' id='word_1_350' title='bbox 187 3870 336 3930; x_wconf 86' lang='lat' dir='ltr'>mortuae</span> <span class='ocrx_word' id='word_1_351' title='bbox 373 3868 454 3926; x_wconf 84' lang='lat' dir='ltr'>sunt.</span> <span class='ocrx_word' id='word_1_352' title='bbox 492 3857 640 3926; x_wconf 81' lang='lat' dir='ltr'>,Sirenes</span> <span class='ocrx_word' id='word_1_353' title='bbox 669 3852 768 3944; x_wconf 81' lang='lat' dir='ltr'>igitur</span> <span class='ocrx_word' id='word_1_354' title='bbox 806 3854 988 3942; x_wconf 87' lang='lat' dir='ltr'>corporales</span> <span class='ocrx_word' id='word_1_355' title='bbox 1003 3854 1181 3921; x_wconf 86' lang='lat' dir='ltr'>illecebras</span> 
     </span>
     <span class='ocr_line' id='line_1_44' title="bbox 40 3940 1182 4030; baseline -0.001 -25"><span class='ocrx_word' id='word_1_356' title='bbox 40 3944 211 4014; x_wconf 84' lang='lat' dir='ltr'>evidenter</span> <span class='ocrx_word' id='word_1_357' title='bbox 239 3943 424 4030; x_wconf 80' lang='lat' dir='ltr'>designant3</span> <span class='ocrx_word' id='word_1_358' title='bbox 459 3940 544 4008; x_wconf 87' lang='lat' dir='ltr'>unde</span> <span class='ocrx_word' id='word_1_359' title='bbox 573 3956 607 4013; x_wconf 87' lang='lat' dir='ltr'>et</span> <span class='ocrx_word' id='word_1_360' title='bbox 635 3966 749 4014; x_wconf 85' lang='lat' dir='ltr'>nomon</span> <span class='ocrx_word' id='word_1_361' title='bbox 779 3963 957 4028; x_wconf 80' lang='lat' dir='ltr'>congruum</span> <span class='ocrx_word' id='word_1_362' title='bbox 988 3949 1182 4017; x_wconf 86' lang='lat' dir='ltr'>meruerunt,</span> 
     </span>
     <span class='ocr_line' id='line_1_45' title="bbox 40 4023 1182 4118; baseline -0.007 -24"><span class='ocrx_word' id='word_1_363' title='bbox 40 4031 113 4113; x_wconf 83' lang='lat' dir='ltr'>quia</span> <span class='ocrx_word' id='word_1_364' title='bbox 135 4030 319 4115; x_wconf 76' lang='lat' dir='ltr'>voluptates</span> <span class='ocrx_word' id='word_1_365' title='bbox 342 4027 522 4118; x_wconf 86' lang='lat' dir='ltr'>corporales</span> <span class='ocrx_word' id='word_1_366' title='bbox 543 4025 584 4096; x_wconf 90' lang='lat' dir='ltr'>ad</span> <span class='ocrx_word' id='word_1_367' title='bbox 600 4051 636 4097; x_wconf 88' lang='lat' dir='ltr'>se</span> <span class='ocrx_word' id='word_1_368' title='bbox 654 4043 776 4102; x_wconf 88' lang='lat' dir='ltr'>mentes</span> <span class='ocrx_word' id='word_1_369' title='bbox 792 4025 1002 4116; x_wconf 89' lang='lat' dir='ltr'>quorumlibet</span> <span class='ocrx_word' id='word_1_370' title='bbox 1022 4023 1182 4090; x_wconf 69' lang='lat' dir='ltr'>trabunt.</span> 
     </span>
     <span class='ocr_line' id='line_1_46' title="bbox 41 4109 1224 4204; baseline -0.008 -20"><span class='ocrx_word' id='word_1_371' title='bbox 41 4117 146 4204; x_wconf 77' lang='grc' dir='ltr'><strong><em>Σειρῶ</em></strong></span> <span class='ocrx_word' id='word_1_372' title='bbox 170 4124 333 4202; x_wconf 70' lang='grc' dir='ltr'>0000οιιο,</span> <span class='ocrx_word' id='word_1_373' title='bbox 373 4127 418 4190; x_wconf 87' lang='lat' dir='ltr'>ut</span> <span class='ocrx_word' id='word_1_374' title='bbox 439 4111 591 4192; x_wconf 77' lang='lat' dir='ltr'>diximus,</span> <span class='ocrx_word' id='word_1_375' title='bbox 623 4115 724 4179; x_wconf 80' lang='lat' dir='ltr'>traho</span> <span class='ocrx_word' id='word_1_376' title='bbox 754 4115 988 4201; x_wconf 87' lang='lat' dir='ltr'>interpretatur.</span> <span class='ocrx_word' id='word_1_377' title='bbox 1035 4109 1132 4176; x_wconf 87' lang='lat' dir='ltr'>Unde</span> <span class='ocrx_word' id='word_1_378' title='bbox 1149 4120 1224 4178; x_wconf 74' lang='lat' dir='ltr'>etto</span> 
     </span>
     <span class='ocr_line' id='line_1_47' title="bbox 39 4197 1215 4294; baseline -0.005 -28"><span class='ocrx_word' id='word_1_379' title='bbox 39 4221 178 4288; x_wconf 75' lang='lat' dir='ltr'>aronam</span> <span class='ocrx_word' id='word_1_380' title='bbox 195 4224 217 4266; x_wconf 77' lang='lat' dir='ltr'>s</span> <span class='ocrx_word' id='word_1_381' title='bbox 238 4211 358 4272; x_wconf 83' lang='lat' dir='ltr'>tractus</span> <span class='ocrx_word' id='word_1_382' title='bbox 378 4209 481 4294; x_wconf 86' lang='lat' dir='ltr'>syrtes</span> <span class='ocrx_word' id='word_1_383' title='bbox 500 4211 729 4288; x_wconf 85' lang='lat' dir='ltr'>nuncupentur.</span> <span class='ocrx_word' id='word_1_384' title='bbox 781 4197 916 4288; x_wconf 84' lang='lat' dir='ltr'>Sapiens</span> <span class='ocrx_word' id='word_1_385' title='bbox 948 4205 1054 4266; x_wconf 89' lang='lat' dir='ltr'>antem</span> <span class='ocrx_word' id='word_1_386' title='bbox 1090 4215 1183 4264; x_wconf 85' lang='lat' dir='ltr'>aures</span> <span class='ocrx_word' id='word_1_387' title='bbox 1207 4212 1215 4219; x_wconf 84' lang='lat'>·</span> 
     </span>
    </p>
   </div>
   <div class='ocr_carea' id='block_1_8' title="bbox 0 0 1354 4804">
    <p class='ocr_par' dir='ltr' id='par_1_8' title="bbox 0 0 1354 4804">
     <span class='ocr_line' id='line_1_48' title="bbox 0 0 1354 4804; baseline 0 0"><span class='ocrx_word' id='word_1_388' title='bbox 0 0 1354 4804; x_wconf 95' lang='lat' dir='ltr'> </span> 
     </span>
    </p>
   </div>
  </div>
 </body>
</html>
