2786 4800
167 225 256 338 ro
453 225 636 327 nypqa
672 226 706 300 1.
761 195 1029 306 ma-aaa

166 411 368 493 dimicarent,
399 411 531 480 insidiis·
550 409 636 500 apud
670 411 857 492 Cremeram
887 408 1198 492 fluriumirrteremti
1219 425 1308 484 sunt.

164 499 256 566 Unus
278 511 399 567 tanturn
422 507 584 588 superstes
606 495 665 564 luit
684 497 806 566 Fabius
827 497 1004 574 Maximus,
1031 497 1085 585 qui
1127 509 1238 588 ropter
1256 514 1308 569 te-

164 607 274 652 neram
307 583 413 650 adhue
461 583 603 649 aesinam
631 583 663 647 ia
695 583 821 654 civitate
846 590 1054 649 remanserat
1130 585 1160 651 io
1189 599 1309 677 postea

166 692 263 757 quum
285 608 473 745 Hannibalis
493 664 644 758 impetum
667 667 832 740 serrenon
856 672 974 756 posset,
1001 687 1092 735 mora
1110 691 1183 737 eum
1205 672 1309 744 elusit.

31 807 37 820 .
140 766 197 825 eet
225 755 267 820 ad
298 756 505 844 Campaniam
535 755 647 832 traxit,
676 755 731 820 ubi
759 753 878 821 deliciis
914 753 982 843 ejus
1008 752 1106 820 virtus
1132 758 1307 850 obtorpuit.

162 840 219 906 Ille
247 849 312 919 est,
342 839 383 907 de
414 863 478 930 quo
508 840 553 906 ait
578 838 718 906 Ennius:
766 839 863 906 Unus
893 837 954 928 qai
983 836 1080 904 nodio
1107 845 1307 910 cunctando

163 927 323 991 restituit
351 949 433 990 rem.
486 925 599 991 Sciens
636 925 720 992 euim
748 923 899 1012 Virgilius
938 923 1028 1013 quasi
1064 945 1124 1014 pro
1158 930 1305 1020 exemplo
1383 947 1384 950 ’

163 1009 249 1076 huno
271 1032 398 1079 versum
419 1011 536 1105 posuit
1002 1036 1005 1044 ’

420 1227 517 1306 225.
571 1231 791 1308 Marcelli
822 1205 1041 1304 uictoria.
1099 1183 1121 1230 ¹·

82 1381 89 1388 ·
120 1355 177 1444 ¹⁰:
239 1357 416 1426 'Marcellus
440 1358 549 1426 Gallos
570 1333 754 1426 et·Poen0s
774 1359 913 1446 equestri
934 1332 1107 1425 certamine
1127 1361 1306 1448 superavit3

163 1443 417 1524 Vindomarum,
447 1444 611 1512 Gallorum
638 1444 771 1523 ducem,
799 1465 895 1512 manu
916 1445 1046 1532 propria
1064 1444 1239 1525 interemit,
1270 1462 1306 1518 et

50 1582 56 1602 ,
102 1611 105 1632 ¹
161 1531 266 1619 opima
288 1529 545 1632 rettulitspolia,
567 1553 651 1620 quae
670 1529 736 1600 dux
754 1529 937 1600 detraxerat
956 1529 1049 1630 duci;
1072 1530 1158 1600 ¹sicut
1179 1533 1304 1604 Cossus

161 1617 253 1684 Larti
275 1616 457 1687 Tolummo.
484 1711 489 1722 Ι

195 1831 291 1909 226.
346 1833 607 1925 Laudem
645 1823 765 1909 mors
801 1836 997 1910 alterius
1031 1837 1265 1916 Marcelli.

37 2019 42 2044 ,
117 1967 151 2024 ta
244 1961 357 2043 Varia,
386 1961 562 2029 seeundum
590 1962 731 2028 carmina
745 1963 887 2050 Virgilii,
915 1962 948 2030 iu
965 1965 1132 2053 J'utentute
1152 1983 1302 2058 spectan—
1329 2009 1333 2014 -

157 2059 228 2126 turt
250 2047 463 2136 pulchritudo,
486 2062 585 2128 aetas,
612 2049 734 2116 virtus..
752 2050 922 2134 Significat
936 2064 1042 2117 autem
1051 2053 1200 2141 Virgilius
1213 2057 1300 2122 Mar·
1383 2107 1384 2118 ,

158 2135 291 2214 oellum,
312 2135 408 2201 lilium
431 2137 603 2214 Octaviae,
624 2135 743 2201 sororis
764 2136 917 2221 Augusti,
941 2159 1034 2222 quem
1057 2139 1116 2204 sibi
1136 2143 1300 2228 Augustus
1383 2159 1384 2220 l

126 2250 130 2258 ¹
158 2219 329 2306 adoptavit.
381 2221 447 2286 Hic
476 2221 554 2287 XVI
584 2219 666 2286 anuo
694 2217 804 2288 incidit
831 2223 863 2287 in
891 2221 1118 2304 valetudiuem,
1148 2240 1181 2295 et
1209 2229 1302 2316 periit
1383 2221 1384 2236 ¹

157 2306 270 2386 XVII,
301 2307 333 2371 in
361 2306 501 2408 Bajeno,
534 2329 605 2372 cum
638 2304 827 2373 aedilitatem
855 2320 993 2456 gereret.
1037 2311 1142 2404 Hujus
1165 2326 1301 2380 mortem
1382 2377 1383 2392 ,

115 2392 362 2458 aorehementer
393 2394 501 2460 cavitas
532 2391 651 2472 doluit;
677 2397 755 2458 'nam
782 2403 853 2457 ete
880 2393 969 2461 abilis
995 2393 1069 2474 tuit,
1104 2408 1147 2472 et,
1164 2402 1302 2486 Augusti
1382 2403 1383 2436 ³

157 2477 248 2542 lilius.
279 2476 329 2542 Ad
353 2476 472 2543 funeris
494 2478 586 2565 hujus
608 2477 761 2552 honorem
784 2479 947 2562 Augustus
969 2479 1161 2570 quingentos
1182 2485 1302 2552 electos

156 2563 205 2626 ire
226 2563 309 2628 iutra
322 2563 487 2630 civitatem
504 2563 608 2650 jussit.
653 2563 728 2627 Hoc
755 2563 836 2629 enirn
862 2564 946 2650 apud
968 2565 1103 2634 ma'ores
1126 2567 1302 2652 gloriosum

155 2647 277 2726 suerat,
310 2658 344 2713 et
370 2646 508 2713 dabatur
536 2670 595 2736 pro
623 2647 773 2734 qualitate
804 2648 960 2716 fortunae.
1002 2592 1087 2719 lVam
1119 2653 1208 2744 Sylla
1246 2681 1301 2724 sex
1381 2697 1382 2710 κ

111 2737 117 2744 ’
157 2733 241 2798 milia
267 2729 386 2798 habuit
428 2732 534 2818 Igitur
558 2755 631 2798 cum
651 2734 774 2825 ingenti
795 2759 912 2824 pompa
933 2735 1050 2820 elatus,
1080 2747 1113 2806 et
1132 2730 1165 2805 in
1187 2765 1301 2832 campo

115 2829 151 2879 2⁵
160 2809 273 2884 Martio
296 2829 346 2884 est
369 2821 520 2912 sepultus.
561 2819 654 2915 Ergo
669 2819 707 2896 ,in
728 2821 864 2908 Augusti
885 2820 1100 2894 adulationem
1123 2827 1213 2916 quasi
1235 2827 1301 2917 episs
1380 2907 1381 2912 γ

159 2903 302 2992 taphium
324 2903 403 2970 dicit
424 2903 583 2992 Virgilius.

423 3123 521 3200 227.
575 3125 833 3202 Fatuusjet
866 3085 1029 3200 Fatua.
1379 3159 1380 3168 ¹

184 3310 199 3322 .
244 3253 385 3328 Quidam
416 3254 497 3321 deus
532 3265 581 3320 est
611 3239 762 3318 Fatum
803 3253 896 3344 hujus
918 3253 1013 3345 ‘uxor'
1037 3249 1154 3324 Fatua.
1207 3257 1301 3329 Idem

157 3339 309 3416 Faunus,
343 3351 376 3407 et
410 3340 524 3407 eadem
558 3339 679 3404 Fauna.
744 3337 833 3404 Dioti·
866 3350 972 3406 autem
1001 3354 1074 3409 suut
1103 3344 1236 3411 Faunus
1267 3358 1346 3413 et·
1378 3395 1379 3412 1

115 3427 273 3575 tollianae
295 3448 315 3492 a
336 3425 572 3492 vaticinando
595 3421 691 3489 Unde
713 3435 746 3490 et
764 3424 886 3509 fatuos
909 3423 1042 3494 dicimus
1065 3428 1301 3499 iuconsiderate

168 3521 332 3620 oquentes.

330 3697 428 3773 228.
492 3657 616 3774 Duae
652 3714 812 3801 portae
844 3701 1121 3804 Elysiorum.
1199 3721 1204 3737 ‘¹

242 3829 451 3920 Physiologia
475 3829 538 3895 hoc
558 3829 664 3906 habet,
686 3825 772 3917 quod
798 3841 1015 3916 perportant
1036 3836 1303 3910 corneam-,oculi
1376 3855 1377 3878 ²

141 3915 395 4002 ‘algnifioantum
426 3914 480 4003 qui
504 3917 538 3982 et'
557 3916 672 3979 cornei
692 3925 766 3980 sunt
786 3914 916 3995 coloris,
951 3928 983 3982 et
1012 3897 1156 3984 duriores
1185 3924 1302 3988 ceteris

115 4004 326 4081 aamembrts;
349 4025 420 4067 nam
444 4001 545 4086 frigus
568 4018 631 4064 non
652 4001 799 4070 sentiunt.
832 4000 898 4066 Per
920 3999 1104 4066 eburneam
1123 4024 1198 4068 vero
1220 4025 1303 4093 por.
1375 4059 1376 4066 ,

158 4099 232 4152 tom
254 4112 290 4155 os
313 4086 518 4172 designatur,
551 4107 570 4149 a
600 4085 757 4150 dentibus.
801 4085 898 4152 Unde
922 4095 955 4150 et
976 4087 1098 4154 deneas
1120 4111 1178 4190 per
1203 4093 1304 4158 ebur-
1375 4089 1376 4102 ¹

156 4195 250 4239 neam
277 4173 429 4238 emittitur
461 4183 597 4274 portam,
633 4171 697 4239 vet
725 4171 840 4237 dicitur
861 4167 1021 4253 eburnea,
1044 4194 1134 4262 quast
1156 4179 1304 4248 ornatior

156 4270 266 4348 porta3
296 4278 409 4344 nempe
431 4279 486 4335 ea,
517 4275 600 4343 quae
621 4279 718 4346 supra
739 4259 897 4325 lortuuam
919 4267 1000 4326 sunt.
1099 4294 1102 4308 ι
