2716 4794
416 211 598 316 arguam.
626 211 679 285 11.
735 209 802 285 ra.
1105 211 1180 288 101

72 405 230 488 praecepto,
249 396 281 466 in
296 419 368 468 eam
381 405 500 468 terram
513 395 659 478 derenlt'
673 419 756 488 quae
771 403 885 486 postea
907 414 927 462 a
948 389 1032 460 bove
1043 393 1180 466 Boeotia

71 481 134 550 dicta
160 496 219 564 est.
263 485 369 561 Quum
400 497 506 554 autem
537 483 580 552 ad
605 485 717 556 Martis
747 483 868 558 sontem
896 479 1000 550 socios
1029 493 1178 570 squatum

67 569 197 650 misisset,
227 569 346 658 etipse
371 569 444 637 illuc
472 579 545 660 post
573 591 630 636 eos
653 571 804 650 venissem
832 581 869 640 ut
892 567 1006 638 vidite
1028 566 1177 648 dracoue,
1257 649 1262 660 1

65 654 106 742 qui
122 654 217 723 Marti
238 668 307 723 erat
328 668 551 731 consecratus,
580 654 684 725 socios
706 665 905 736 consumtus,
930 665 1110 740 serpentem
1129 654 1176 719 in-

64 741 188 821 teremit,
220 753 252 808 et
278 740 389 820 dentes
414 742 480 832 ejus
501 739 597 810 serit:
627 764 666 810 ex
689 742 802 830 quibus
823 739 1054 824 terrigenarum
1073 739 1200 828 multi-e

61 822 123 891 tado
140 826 365 914 progignitur,
381 849 473 930 'quae
494 851 530 896 se
550 829 667 894 mutuis
692 826 869 900 vulneribus
890 825 1064 898 interemit,
1085 825 1175 920 quin-

61 931 111 996 que
124 920 233 978 tamen
246 935 282 980 su
308 911 476 992 erstitrbus,
490 932 625 1001 quorum
639 913 765 980 nomina
779 912 875 988 baec:
897 909 1031 990 Echion,
1047 910 1175 1002 Idaeus,

60 996 235 1070 Chromius,
303 995 424 1078 elorus,
456 999 658 1090 Hyperenor.
719 999 783 1075 Qut
813 997 975 1066 Minervae
1015 995 1197 1065 voluntate·

58 1079 169 1148 Cadmo
199 1092 231 1148 et
263 1083 443 1171 Amphioni,
477 1094 589 1150 cantus
611 1073 797 1164 dulcedine,
830 1095 867 1153 ut
886 1103 944 1150 sua
962 1093 1077 1168 sponte
1097 1107 1174 1152 sarra
1290 1138 1299 1150 .

59 1167 134 1234 muris
160 1190 198 1238 se
220 1169 432 1272 imponerent,
455 1168 622 1272 efficienti,
644 1168 804 1264 adjutores
827 1163 1064 1272 condendarum
1083 1167 1211 1247 'Phe-to

62 1250 155 1320 bamur
178 1250 297 1338 eddrtr,
327 1266 360 1324 et
378 1255 537 1346 principes
559 1253 646 1324 urbis
667 1265 740 1324 sunt
762 1255 846 1323 iactr.

349 1614 351 1622 ,
441 1523 507 1602 ra.
535 1487 781 1608 xcamma.

123 1679 245 1770 Nupsit
266 1679 410 1750 Cadmus
432 1681 648 1760 Hermionae,
668 1703 751 1769 quae
772 1689 846 1748 nata
868 1690 998 1748 crater
1019 1675 1173 1747 adulterio

65 1759 153 1834 idartis
177 1779 210 1834 et
232 1767 365 1836 Veneris
371 1791 384 1848 ς
410 1765 469 1834 sed
490 1765 572 1836 malo
594 1765 707 1832 omine.
749 1765 830 1834 Post
853 1788 925 1834 uam
947 1763 1068 1832 filiabus
1091 1764 1173 1832 Solis

14 1867 15 1870 ’
62 1847 150 1919 lenus
181 1876 306 1920 amores
335 1853 478 1931 immisit,
507 1866 541 1921 et
570 1849 719 1940 singulae
744 1851 819 1920 eniti
836 1851 857 1869 ’“
889 1853 1001 1920 morbo
1023 1849 1207 1918 detentaeu

59 1932 245 2020 interierunt,
274 1933 434 2008 Vulcanus
462 1937 623 2006 Minervae
653 1938 780 2006 consilio
811 1936 923 2004 monile
949 1947 1017 2006 astu
1040 1935 1175 2024 perfecit

58 2019 132 2104 (nam
156 2023 315 2092 consciam
339 2023 413 2093 sacti
435 2023 607 2092 Minervam
627 2023 769 2093 indicant
789 2023 872 2090 oculi
896 2023 1090 2110 Gorgonae,
1115 2023 1174 2109 ¹qui
1267 2063 1270 2078 ι

57 2105 82 2170 in
99 2107 211 2176 eodem
233 2109 337 2177 monili
359 2110 494 2198 gemmis
517 2115 607 2178 eraut
627 2109 764 2196 inserti).
808 2107 902 2176 Fecit
921 2129 1001 2194 ergo
1015 2108 1173 2175 Vulcanus
1249 2175 1252 2182 Δ

57 2194 156 2267 monile
184 2194 430 2284 pulcherrimum
455 2195 580 2267 infausti
611 2194 741 2275 ominis,
775 2193 819 2260 ita
851 2204 887 2259 ut
917 2213 1050 2260 necesse
1071 2202 1174 2266 ,esset

57 2274 110 2342 hoc
136 2280 250 2347 monile
288 2291 468 2370 gestantem
501 2279 722 2350 aerumnarum
739 2343 741 2351 ,
757 2277 840 2346 mole
870 2277 1012 2368 opprimi.
1074 2273 1215 2351 Quodao

56 2357 131 2432 dedit
158 2365 373 2448 Hermionae,
412 2366 522 2436 Martis
559 2379 597 2436 ct
623 2363 753 2434 Veneris
786 2361 889 2442 filiae,
921 2384 1018 2450 quum
1048 2360 1173 2428 cadmo
1235 2441 1243 2452 .
1292 2421 1294 2432 .

52 2451 197 2534 Agenoris
220 2451 282 2519 tilio
305 2452 446 2521 nuberet.
491 2451 592 2542 Cuius
616 2449 698 2522 malo
716 2449 821 2519 omine
844 2445 940 2516 multa
961 2438 1093 2515 adversa
1116 2471 1173 2535 pa-

52 2532 141 2615 tiens,
179 2537 347 2630 novissime
374 2538 505 2623 Cadmo,
535 2539 567 2608 in
595 2537 753 2630 Illyricum
782 2530 954 2606 infortunia
985 2531 1172 2602 Thebarum

50 2617 200 2706 fugiente,
230 2645 303 2690 curn
327 2646 367 2690 ec
394 2623 425 2690 in
454 2623 626 2694 draconem
655 2645 808 2692 conversa
839 2632 899 2688 est.
954 2617 1080 2686 Deinde
1111 2619 1173 2686 boc

48 2707 155 2773 monile
183 2707 310 2792 Semele
337 2709 488 2802 portarit,
516 2731 599 2800 quae
632 2708 759 2780 fulmine
788 2707 876 2779 Jovis
895 2705 1028 2778 interiit,
1079 2702 1214 2774 Idemas

48 2789 151 2860 babuit
176 2793 254 2876 ino,
287 2817 388 2884 quae,
413 2795 520 2862 occiso
537 2817 570 2888 *a
600 2795 711 2863 meiito
736 2779 927 2864 'Athamante
951 2813 1008 2890 per
1031 2789 1171 2860 furorem

48 2898 106 2942 uno
127 2901 165 2945 ex
186 2879 255 2948 filiis
274 2879 440 2963 Learcho,
462 2903 534 2946 cum
557 2879 634 2961 alio,
654 2879 688 2944 id
710 2892 759 2945 est
779 2879 990 2954 Palaemone,
1019 2900 1056 2944 se
1077 2899 1171 2965 prae-

49 2962 181 3049 eipitarit
221 2965 253 3032 in
291 2987 395 3046 mare,
437 2978 474 3034 ut
507 2964 608 3032 mariti
642 2964 834 3054 insequentis
871 2963 983 3032 vitaret
1008 2962 1170 3030 insaniam.

48 3046 125 3116 Post
150 3049 262 3119 babuit
290 3053 417 3140 Agave,
459 3067 551 3145 quae
577 3061 611 3118 et
642 3049 652 3115 i
675 3073 711 3116 sa
737 3049 838 3115 lilium
864 3047 972 3115 furore
1003 3049 1168 3138 percussit.

48 3132 117 3199 Hae
142 3135 239 3224 igitur
258 3137 449 3288 praedictae
484 3135 566 3202 filiae
594 3137 623 3203 (i
667 3135 708 3201 mi
739 3146 772 3202 et
801 3134 999 3201 Hermionae
1031 3134 1212 3208 fueruntne

48 3217 166 3289 Habuit
193 3234 226 3290 et
274 3233 401 3302 ccasta,
434 3245 518 3312 quae
549 3241 608 3310 per
638 3243 779 3288 errorem
807 3219 871 3285 lilio
898 3219 1026 3308 Oedipo
1054 3219 1167 3307 nupsit.

47 3301 162 3374 Habuit
183 3317 216 3374 et
239 3307 358 3394 Argia,
380 3306 504 3376 Adrasti
526 3307 613 3396 'regis
634 3307 716 3388 lilia,
736 3329 755 3371 a
777 3305 889 3374 marito
909 3305 1094 3390 Polynices
1111 3310 1168 3392 pel

49 3383 247 3458 hereditatem
274 3394 474 3478 sortito„eo
503 3392 638 3476 denata3
670 3415 754 3546 lime
784 3391 868 3457 idem
896 3391 1011 3476 monile
1037 3403 1168 3478 propter
1207 3440 1214 3464 ,

49 3471 403 3556 prodendummaritum
426 3479 648 3568 Amphiaraum
705 3477 860 3567 riphylae,
885 3477 953 3567 ejus
974 3475 1080 3556 uxori,
1102 3490 1166 3541 tra*

48 3552 139 3638 didit,
157 3585 250 3652 quarn
267 3576 380 3666 postea
393 3564 473 3630 lilius
488 3564 658 3632 Alcmaeon
670 3565 708 3630 in
727 3562 896 3630 vindictam
919 3564 1016 3666 patris
1037 3560 1209 3664 occiditua
1264 3587 1267 3592 ’
1343 3587 1344 3594 “

46 3640 236 3738 Orestesque
266 3653 393 3730 lurore,
425 3651 531 3716 occisa
561 3662 680 3730 matre,
712 3660 896 3750 correptus,
934 3647 1017 3712 idern
1052 3645 1166 3712 monile
1273 3725 1276 3734 1
1343 3673 1344 3680 “

45 3727 168 3828 Apollini
187 3735 397 3826 consecrarit
440 3730 1058 3823 Quodinsontemprojectum-bodie
1079 3732 1166 3798 cerni
1198 3773 1205 3780 1-

44 3809 161 3887 drutus.
203 3821 300 3896 Quod
322 3819 438 3909 sionis
460 3822 689 3899 attrectaverit,
722 3820 829 3886 dicunt
851 3819 955 3886 ¹solem
984 3817 1103 3884 offendi
1133 3831 1165 3886 et

45 3909 244 3992 tempestates
270 3905 365 3972 'oriri
410 3906 561 3982 Quatuor
593 3919 698 3976 autem
726 3925 868 3987 sorores,
903 3902 980 3985 Ino,
1008 3907 1164 3983 Autonoe,

43 3983 197 4067 Semele,
219 3993 346 4080 Agave,
383 3991 466 4058 liliae
504 3991 618 4058 Cadmi
632 4021 644 4056 ,·
657 3989 932 4066 esse'dicumtur,
976 3990 1057 4093 quia'
1086 4005 1215 4093 ‹prta-tu
1262 3987 1264 3992 ’

42 4079 197 4166 tuorsunt
218 4076 538 4165 ebrietatislgenera3
562 4077 743 4154 vinolentia,
776 4095 882 4141 rernm
904 4073 1162 4158 oblir10,·llbrdo,

40 4160 167 4228 insania.
220 4161 317 4233 Unde
351 4175 384 4234 et
421 4162 548 4262 nominc
587 4165 677 4234 haec·
710 4172 849 4252 quatuor
882 4161 1033 4232 Bacchae
1071 4183 1163 4232 ecce·

43 4257 163 4325 Philini·
263 4279 342 4300 ’ν

870 4341 878 4376 l

1341 4163 1343 4254 i
