<?xml version="1.0" encoding="UTF-8"?>
<!DOCTYPE html PUBLIC "-//W3C//DTD XHTML 1.0 Transitional//EN"
    "http://www.w3.org/TR/xhtml1/DTD/xhtml1-transitional.dtd">
<html xmlns="http://www.w3.org/1999/xhtml" xml:lang="en" lang="en">
 <head>
  <title>
</title>
<meta http-equiv="Content-Type" content="text/html;charset=utf-8" />
  <meta name='ocr-system' content='tesseract 3.04.00' />
  <meta name='ocr-capabilities' content='ocr_page ocr_carea ocr_par ocr_line ocrx_word'/>
</head>
<body>
  <div class='ocr_page' id='page_1' title='image "./scriptoresrerum01bodegoog_0171.png"; bbox 0 0 2716 4794; ppageno 0'>
   <div class='ocr_carea' id='block_1_1' title="bbox 154 171 991 314">
    <p class='ocr_par' dir='ltr' id='par_1_1' title="bbox 154 171 991 314">
     <span class='ocr_line' id='line_1_1' title="bbox 154 171 991 314; baseline -0.026 -46"><span class='ocrx_word' id='word_1_1' title='bbox 154 191 253 314; x_wconf 67' lang='lat' dir='ltr'>ru¹</span> <span class='ocrx_word' id='word_1_2' title='bbox 419 277 424 290; x_wconf 36' lang='lat'>,</span> <span class='ocrx_word' id='word_1_3' title='bbox 521 175 705 280; x_wconf 21' lang='lat' dir='ltr'>unum,</span> <span class='ocrx_word' id='word_1_4' title='bbox 729 177 782 250; x_wconf 87' lang='lat' dir='ltr'>u.</span> <span class='ocrx_word' id='word_1_5' title='bbox 836 171 991 250; x_wconf 63' lang='lat' dir='ltr'>aon:</span> 
     </span>
    </p>
   </div>
   <div class='ocr_carea' id='block_1_2' title="bbox 63 338 1352 3834">
    <p class='ocr_par' dir='ltr' id='par_1_2' title="bbox 74 338 1279 725">
     <span class='ocr_line' id='line_1_2' title="bbox 74 338 1279 453; baseline -0.014 -6"><span class='ocrx_word' id='word_1_6' title='bbox 74 433 77 438; x_wconf 91' lang='lat'><em>.</em></span> <span class='ocrx_word' id='word_1_7' title='bbox 154 377 288 446; x_wconf 87' lang='lat' dir='ltr'>bibitum</span> <span class='ocrx_word' id='word_1_8' title='bbox 308 391 381 438; x_wconf 86' lang='lat' dir='ltr'>esse</span> <span class='ocrx_word' id='word_1_9' title='bbox 402 367 528 444; x_wconf 88' lang='lat' dir='ltr'>dicunt,</span> <span class='ocrx_word' id='word_1_10' title='bbox 559 386 601 430; x_wconf 91' lang='lat' dir='ltr'>ne</span> <span class='ocrx_word' id='word_1_11' title='bbox 631 386 651 429; x_wconf 93' lang='lat' dir='ltr'>a</span> <span class='ocrx_word' id='word_1_12' title='bbox 676 360 779 451; x_wconf 92' lang='lat' dir='ltr'>prole,</span> <span class='ocrx_word' id='word_1_13' title='bbox 809 338 892 448; x_wconf 76' lang='lat' dir='ltr'>qliae</span> <span class='ocrx_word' id='word_1_14' title='bbox 912 369 1113 442; x_wconf 84' lang='lat' dir='ltr'>nasceretur,</span> <span class='ocrx_word' id='word_1_15' title='bbox 1145 361 1279 453; x_wconf 80' lang='lat' dir='ltr'>luppiter</span> 
     </span>
     <span class='ocr_line' id='line_1_3' title="bbox 152 447 1278 552; baseline -0.012 -22"><span class='ocrx_word' id='word_1_16' title='bbox 152 485 256 552; x_wconf 87' lang='lat' dir='ltr'>regno</span> <span class='ocrx_word' id='word_1_17' title='bbox 278 457 456 548; x_wconf 81' lang='lat' dir='ltr'><strong>pelleretur.</strong></span> <span class='ocrx_word' id='word_1_18' title='bbox 499 447 588 538; x_wconf 88' lang='lat' dir='ltr'>Ignis</span> <span class='ocrx_word' id='word_1_19' title='bbox 610 447 711 528; x_wconf 91' lang='lat' dir='ltr'>enim,</span> <span class='ocrx_word' id='word_1_20' title='bbox 739 447 773 512; x_wconf 93' lang='lat' dir='ltr'>id</span> <span class='ocrx_word' id='word_1_21' title='bbox 794 460 844 514; x_wconf 91' lang='lat' dir='ltr'>est</span> <span class='ocrx_word' id='word_1_22' title='bbox 863 448 926 536; x_wconf 90' lang='lat' dir='ltr'>Jup</span> <span class='ocrx_word' id='word_1_23' title='bbox 950 448 1027 526; x_wconf 88' lang='lat' dir='ltr'>iter,</span> <span class='ocrx_word' id='word_1_24' title='bbox 1066 448 1091 514; x_wconf 86' lang='lat' dir='ltr'>ei</span> <span class='ocrx_word' id='word_1_25' title='bbox 1112 471 1183 514; x_wconf 92' lang='lat' dir='ltr'>cum</span> <span class='ocrx_word' id='word_1_26' title='bbox 1198 473 1278 537; x_wconf 85' lang='lat' dir='ltr'>aqua</span> 
     </span>
     <span class='ocr_line' id='line_1_4' title="bbox 153 534 1278 628; baseline -0.015 -11"><span class='ocrx_word' id='word_1_27' title='bbox 153 551 359 621; x_wconf 79' lang='lat' dir='ltr'><strong>misceretur,</strong></span> <span class='ocrx_word' id='word_1_28' title='bbox 381 563 485 628; x_wconf 84' lang='lat' dir='ltr'>aquae</span> <span class='ocrx_word' id='word_1_29' title='bbox 503 539 616 604; x_wconf 83' lang='lat' dir='ltr'>virtute</span> <span class='ocrx_word' id='word_1_30' title='bbox 634 534 882 620; x_wconf 80' lang='lat' dir='ltr'>extingueretur.</span> <span class='ocrx_word' id='word_1_31' title='bbox 938 535 1060 620; x_wconf 90' lang='lat' dir='ltr'>uppiter</span> <span class='ocrx_word' id='word_1_32' title='bbox 1081 545 1186 600; x_wconf 88' lang='lat' dir='ltr'>autem</span> <span class='ocrx_word' id='word_1_33' title='bbox 1205 535 1278 601; x_wconf 88' lang='lat' dir='ltr'>banc</span> 
     </span>
     <span class='ocr_line' id='line_1_5' title="bbox 153 617 1279 725; baseline -0.017 -24"><span class='ocrx_word' id='word_1_34' title='bbox 153 630 315 725; x_wconf 80' lang='lat' dir='ltr'>conjunxit</span> <span class='ocrx_word' id='word_1_35' title='bbox 341 628 450 694; x_wconf 89' lang='lat' dir='ltr'>Peleo.</span> <span class='ocrx_word' id='word_1_36' title='bbox 499 617 613 708; x_wconf 66' lang='grc' dir='ltr'>Πηλός</span> <span class='ocrx_word' id='word_1_37' title='bbox 641 621 724 686; x_wconf 90' lang='lat' dir='ltr'>enim</span> <span class='ocrx_word' id='word_1_38' title='bbox 746 620 873 685; x_wconf 80' lang='lat' dir='ltr'>Graece</span> <span class='ocrx_word' id='word_1_39' title='bbox 894 617 1009 682; x_wconf 78' lang='lat' dir='ltr'>latam</span> <span class='ocrx_word' id='word_1_40' title='bbox 1031 618 1153 690; x_wconf 89' lang='lat' dir='ltr'>dicitur.</span> <span class='ocrx_word' id='word_1_41' title='bbox 1194 621 1279 708; x_wconf 82' lang='lat' dir='ltr'>Ergo</span> 
     </span>
    </p>

    <p class='ocr_par' dir='ltr' id='par_1_3' title="bbox 100 705 1286 3291">
     <span class='ocr_line' id='line_1_6' title="bbox 126 705 1282 804; baseline -0.016 -13"><span class='ocrx_word' id='word_1_42' title='bbox 126 736 271 792; x_wconf 81' lang='lat' dir='ltr'>oterram</span> <span class='ocrx_word' id='word_1_43' title='bbox 290 737 373 804; x_wconf 88' lang='lat' dir='ltr'>aqua</span> <span class='ocrx_word' id='word_1_44' title='bbox 389 714 519 777; x_wconf 78' lang='lat' dir='ltr'><strong>mixtam</strong></span> <span class='ocrx_word' id='word_1_45' title='bbox 541 707 647 773; x_wconf 88' lang='lat' dir='ltr'>volunt</span> <span class='ocrx_word' id='word_1_46' title='bbox 667 705 825 770; x_wconf 89' lang='lat' dir='ltr'>hominem</span> <span class='ocrx_word' id='word_1_47' title='bbox 849 725 1045 793; x_wconf 82' lang='lat' dir='ltr'>procreasse.</span> <span class='ocrx_word' id='word_1_48' title='bbox 1089 706 1208 772; x_wconf 85' lang='lat' dir='ltr'><strong>Omnes</strong></span> <span class='ocrx_word' id='word_1_49' title='bbox 1227 729 1282 772; x_wconf 74' lang='lat' dir='ltr'>au·¹</span> 
     </span>
     <span class='ocr_line' id='line_1_7' title="bbox 151 788 1280 888; baseline -0.015 -13"><span class='ocrx_word' id='word_1_50' title='bbox 151 823 214 876; x_wconf 92' lang='lat' dir='ltr'>tem</span> <span class='ocrx_word' id='word_1_51' title='bbox 238 805 280 870; x_wconf 91' lang='lat' dir='ltr'>dii</span> <span class='ocrx_word' id='word_1_52' title='bbox 303 799 417 888; x_wconf 87' lang='lat' dir='ltr'>nuptiis</span> <span class='ocrx_word' id='word_1_53' title='bbox 438 799 602 881; x_wconf 86' lang='lat' dir='ltr'>finguntur</span> <span class='ocrx_word' id='word_1_54' title='bbox 622 792 818 867; x_wconf 75' lang='lat' dir='ltr'>interfuisse,</span> <span class='ocrx_word' id='word_1_55' title='bbox 848 790 922 876; x_wconf 86' lang='lat' dir='ltr'>quia</span> <span class='ocrx_word' id='word_1_56' title='bbox 947 788 1122 854; x_wconf 85' lang='lat' dir='ltr'>secundnm</span> <span class='ocrx_word' id='word_1_57' title='bbox 1144 813 1280 878; x_wconf 83' lang='lat' dir='ltr'>paganos</span> 
     </span>
     <span class='ocr_line' id='line_1_8' title="bbox 149 873 1278 980; baseline -0.015 -21"><span class='ocrx_word' id='word_1_58' title='bbox 149 893 290 980; x_wconf 83' lang='lat' dir='ltr'>singulas</span> <span class='ocrx_word' id='word_1_59' title='bbox 311 900 418 976; x_wconf 91' lang='lat' dir='ltr'>partes</span> <span class='ocrx_word' id='word_1_60' title='bbox 439 884 471 947; x_wconf 91' lang='lat' dir='ltr'>in</span> <span class='ocrx_word' id='word_1_61' title='bbox 493 879 620 945; x_wconf 88' lang='lat' dir='ltr'>homine</span> <span class='ocrx_word' id='word_1_62' title='bbox 640 877 760 942; x_wconf 87' lang='lat' dir='ltr'>babere</span> <span class='ocrx_word' id='word_1_63' title='bbox 778 873 943 954; x_wconf 90' lang='lat' dir='ltr'>dicuntur,</span> <span class='ocrx_word' id='word_1_64' title='bbox 973 889 1007 940; x_wconf 93' lang='lat' dir='ltr'>ut</span> <span class='ocrx_word' id='word_1_65' title='bbox 1041 875 1154 942; x_wconf 87' lang='lat' dir='ltr'>Jovem</span> <span class='ocrx_word' id='word_1_66' title='bbox 1180 891 1278 965; x_wconf 89' lang='lat' dir='ltr'>caput,</span> 
     </span>
     <span class='ocr_line' id='line_1_9' title="bbox 150 959 1281 1049; baseline -0.016 -3"><span class='ocrx_word' id='word_1_67' title='bbox 150 979 324 1046; x_wconf 81' lang='lat' dir='ltr'>Minervam</span> <span class='ocrx_word' id='word_1_68' title='bbox 346 969 473 1044; x_wconf 87' lang='lat' dir='ltr'>oculos,</span> <span class='ocrx_word' id='word_1_69' title='bbox 506 962 663 1030; x_wconf 90' lang='lat' dir='ltr'>Junonem</span> <span class='ocrx_word' id='word_1_70' title='bbox 685 961 833 1039; x_wconf 89' lang='lat' dir='ltr'>brachia,</span> <span class='ocrx_word' id='word_1_71' title='bbox 863 971 974 1049; x_wconf 93' lang='lat' dir='ltr'>pectus</span> <span class='ocrx_word' id='word_1_72' title='bbox 999 959 1199 1048; x_wconf 85' lang='lat' dir='ltr'><strong>Neptunum,</strong></span> <span class='ocrx_word' id='word_1_73' title='bbox 1227 985 1281 1028; x_wconf 93' lang='lat' dir='ltr'>cor</span> 
     </span>
     <span class='ocr_line' id='line_1_10' title="bbox 150 1043 1282 1140; baseline -0.016 -8"><span class='ocrx_word' id='word_1_74' title='bbox 150 1065 296 1140; x_wconf 89' lang='lat' dir='ltr'>Martem,</span> <span class='ocrx_word' id='word_1_75' title='bbox 311 1079 405 1124; x_wconf 87' lang='lat' dir='ltr'>renes</span> <span class='ocrx_word' id='word_1_76' title='bbox 415 1064 448 1120; x_wconf 92' lang='lat' dir='ltr'>et</span> <span class='ocrx_word' id='word_1_77' title='bbox 456 1051 587 1137; x_wconf 90' lang='lat' dir='ltr'>inguina</span> <span class='ocrx_word' id='word_1_78' title='bbox 598 1049 766 1127; x_wconf 77' lang='lat' dir='ltr'>Venerem,</span> <span class='ocrx_word' id='word_1_79' title='bbox 786 1043 885 1136; x_wconf 91' lang='lat' dir='ltr'>pedes</span> <span class='ocrx_word' id='word_1_80' title='bbox 894 1045 1096 1112; x_wconf 89' lang='lat' dir='ltr'>Mercurium.</span> <span class='ocrx_word' id='word_1_81' title='bbox 1118 1046 1282 1114; x_wconf 82' lang='lat' dir='ltr'>Discordia</span> 
     </span>
     <span class='ocr_line' id='line_1_11' title="bbox 110 1129 1281 1226; baseline -0.019 -6"><span class='ocrx_word' id='word_1_82' title='bbox 110 1162 258 1220; x_wconf 90' lang='lat' dir='ltr'>loautem</span> <span class='ocrx_word' id='word_1_83' title='bbox 281 1145 349 1212; x_wconf 82' lang='lat' dir='ltr'>sola</span> <span class='ocrx_word' id='word_1_84' title='bbox 367 1143 400 1206; x_wconf 88' lang='lat' dir='ltr'>in</span> <span class='ocrx_word' id='word_1_85' title='bbox 421 1135 642 1226; x_wconf 90' lang='lat' dir='ltr'>conjunctione</span> <span class='ocrx_word' id='word_1_86' title='bbox 663 1154 766 1221; x_wconf 88' lang='lat' dir='ltr'>aquae</span> <span class='ocrx_word' id='word_1_87' title='bbox 795 1144 827 1199; x_wconf 93' lang='lat' dir='ltr'>et</span> <span class='ocrx_word' id='word_1_88' title='bbox 848 1141 970 1210; x_wconf 91' lang='lat' dir='ltr'>terrae,</span> <span class='ocrx_word' id='word_1_89' title='bbox 1001 1129 1034 1195; x_wconf 88' lang='lat' dir='ltr'>id</span> <span class='ocrx_word' id='word_1_90' title='bbox 1064 1143 1111 1200; x_wconf 90' lang='lat' dir='ltr'>est</span> <span class='ocrx_word' id='word_1_91' title='bbox 1140 1131 1281 1202; x_wconf 71' lang='lat' dir='ltr'>uberius</span> 
     </span>
     <span class='ocr_line' id='line_1_12' title="bbox 151 1214 1282 1312; baseline -0.015 -10"><span class='ocrx_word' id='word_1_92' title='bbox 151 1227 184 1304; x_wconf 82' lang='lat' dir='ltr'>et</span> <span class='ocrx_word' id='word_1_93' title='bbox 204 1233 307 1312; x_wconf 87' lang='lat' dir='ltr'>Pelei,</span> <span class='ocrx_word' id='word_1_94' title='bbox 330 1250 392 1294; x_wconf 92' lang='lat' dir='ltr'>non</span> <span class='ocrx_word' id='word_1_95' title='bbox 413 1221 645 1299; x_wconf 82' lang='lat' dir='ltr'>intromittitur,</span> <span class='ocrx_word' id='word_1_96' title='bbox 666 1219 739 1308; x_wconf 84' lang='lat' dir='ltr'>quia</span> <span class='ocrx_word' id='word_1_97' title='bbox 756 1229 889 1306; x_wconf 88' lang='lat' dir='ltr'>utraque</span> <span class='ocrx_word' id='word_1_98' title='bbox 906 1214 1058 1285; x_wconf 86' lang='lat' dir='ltr'>elementa</span> <span class='ocrx_word' id='word_1_99' title='bbox 1078 1219 1282 1300; x_wconf 79' lang='lat' dir='ltr'>concordant,</span> 
     </span>
     <span class='ocr_line' id='line_1_13' title="bbox 149 1302 1281 1400; baseline -0.013 -14"><span class='ocrx_word' id='word_1_100' title='bbox 149 1334 185 1388; x_wconf 91' lang='lat' dir='ltr'>ut</span> <span class='ocrx_word' id='word_1_101' title='bbox 226 1321 321 1385; x_wconf 93' lang='lat' dir='ltr'>bomo</span> <span class='ocrx_word' id='word_1_102' title='bbox 351 1314 521 1400; x_wconf 83' lang='lat' dir='ltr'>gignatur,</span> <span class='ocrx_word' id='word_1_103' title='bbox 565 1305 651 1394; x_wconf 87' lang='lat' dir='ltr'>quod</span> <span class='ocrx_word' id='word_1_104' title='bbox 682 1304 776 1371; x_wconf 89' lang='lat' dir='ltr'>etiam</span> <span class='ocrx_word' id='word_1_105' title='bbox 808 1302 1018 1391; x_wconf 81' lang='lat' dir='ltr'>competentia</span> <span class='ocrx_word' id='word_1_106' title='bbox 1058 1303 1281 1372; x_wconf 85' lang='lat' dir='ltr'>con‘unctionis</span> 
     </span>
     <span class='ocr_line' id='line_1_14' title="bbox 147 1387 1282 1480; baseline -0.017 -5"><span class='ocrx_word' id='word_1_107' title='bbox 147 1406 276 1474; x_wconf 84' lang='lat' dir='ltr'>iudicat.</span> <span class='ocrx_word' id='word_1_108' title='bbox 323 1399 446 1465; x_wconf 79' lang='lat' dir='ltr'>Peleus</span> <span class='ocrx_word' id='word_1_109' title='bbox 470 1414 606 1480; x_wconf 90' lang='lat' dir='ltr'>namque</span> <span class='ocrx_word' id='word_1_110' title='bbox 638 1401 673 1458; x_wconf 94' lang='lat' dir='ltr'>ut</span> <span class='ocrx_word' id='word_1_111' title='bbox 702 1401 807 1471; x_wconf 88' lang='lat' dir='ltr'>terra,</span> <span class='ocrx_word' id='word_1_112' title='bbox 838 1387 871 1452; x_wconf 92' lang='lat' dir='ltr'>id</span> <span class='ocrx_word' id='word_1_113' title='bbox 897 1399 946 1454; x_wconf 88' lang='lat' dir='ltr'>est</span> <span class='ocrx_word' id='word_1_114' title='bbox 968 1409 1065 1465; x_wconf 90' lang='lat' dir='ltr'>caro,</span> <span class='ocrx_word' id='word_1_115' title='bbox 1133 1388 1226 1457; x_wconf 88' lang='lat' dir='ltr'>betidi</span> <span class='ocrx_word' id='word_1_116' title='bbox 1247 1405 1282 1460; x_wconf 89' lang='lat' dir='ltr'>ot</span> 
     </span>
     <span class='ocr_line' id='line_1_15' title="bbox 147 1473 1282 1582; baseline -0.018 -23"><span class='ocrx_word' id='word_1_117' title='bbox 147 1509 267 1582; x_wconf 89' lang='lat' dir='ltr'>aquae,</span> <span class='ocrx_word' id='word_1_118' title='bbox 290 1483 323 1552; x_wconf 90' lang='lat' dir='ltr'>id</span> <span class='ocrx_word' id='word_1_119' title='bbox 345 1495 394 1552; x_wconf 87' lang='lat' dir='ltr'>est</span> <span class='ocrx_word' id='word_1_120' title='bbox 413 1479 556 1556; x_wconf 90' lang='lat' dir='ltr'>humori,</span> <span class='ocrx_word' id='word_1_121' title='bbox 579 1475 790 1566; x_wconf 88' lang='lat' dir='ltr'>conjungitur.</span> <span class='ocrx_word' id='word_1_122' title='bbox 831 1475 978 1561; x_wconf 83' lang='lat' dir='ltr'>luppiter</span> <span class='ocrx_word' id='word_1_123' title='bbox 999 1484 1033 1539; x_wconf 90' lang='lat' dir='ltr'>ut</span> <span class='ocrx_word' id='word_1_124' title='bbox 1050 1473 1153 1562; x_wconf 87' lang='lat' dir='ltr'>ignis,</span> <span class='ocrx_word' id='word_1_125' title='bbox 1186 1473 1282 1545; x_wconf 80' lang='lat' dir='ltr'>idest</span> 
     </span>
     <span class='ocr_line' id='line_1_16' title="bbox 107 1557 1281 1657; baseline -0.019 -9"><span class='ocrx_word' id='word_1_126' title='bbox 107 1580 270 1657; x_wconf 74' lang='lat' dir='ltr'>reanima,</span> <span class='ocrx_word' id='word_1_127' title='bbox 301 1583 470 1656; x_wconf 90' lang='lat' dir='ltr'>utrumque</span> <span class='ocrx_word' id='word_1_128' title='bbox 485 1566 625 1654; x_wconf 87' lang='lat' dir='ltr'>jungere</span> <span class='ocrx_word' id='word_1_129' title='bbox 648 1560 772 1628; x_wconf 88' lang='lat' dir='ltr'>dicitur.</span> <span class='ocrx_word' id='word_1_130' title='bbox 814 1557 983 1626; x_wconf 87' lang='lat' dir='ltr'>Discordia</span> <span class='ocrx_word' id='word_1_131' title='bbox 1004 1568 1135 1647; x_wconf 81' lang='lat' dir='ltr'>aureum</span> <span class='ocrx_word' id='word_1_132' title='bbox 1158 1561 1281 1637; x_wconf 89' lang='lat' dir='ltr'>malum,</span> 
     </span>
     <span class='ocr_line' id='line_1_17' title="bbox 145 1645 1281 1745; baseline -0.015 -13"><span class='ocrx_word' id='word_1_133' title='bbox 145 1665 178 1732; x_wconf 91' lang='lat' dir='ltr'>id</span> <span class='ocrx_word' id='word_1_134' title='bbox 202 1675 250 1730; x_wconf 92' lang='lat' dir='ltr'>est</span> <span class='ocrx_word' id='word_1_135' title='bbox 273 1657 496 1745; x_wconf 82' lang='lat' dir='ltr'>cupiditatem,</span> <span class='ocrx_word' id='word_1_136' title='bbox 528 1649 643 1716; x_wconf 91' lang='lat' dir='ltr'>dicitur</span> <span class='ocrx_word' id='word_1_137' title='bbox 673 1646 834 1736; x_wconf 83' lang='lat' dir='ltr'>injecisse3</span> <span class='ocrx_word' id='word_1_138' title='bbox 852 1666 938 1710; x_wconf 81' lang='lat' dir='ltr'>nam</span> <span class='ocrx_word' id='word_1_139' title='bbox 966 1645 999 1709; x_wconf 90' lang='lat' dir='ltr'>in</span> <span class='ocrx_word' id='word_1_140' title='bbox 1018 1666 1116 1710; x_wconf 91' lang='lat' dir='ltr'>aureo</span> <span class='ocrx_word' id='word_1_141' title='bbox 1132 1645 1212 1712; x_wconf 87' lang='lat' dir='ltr'>malo</span> <span class='ocrx_word' id='word_1_142' title='bbox 1233 1659 1281 1715; x_wconf 91' lang='lat' dir='ltr'>est</span> 
     </span>
     <span class='ocr_line' id='line_1_18' title="bbox 145 1727 1279 1838; baseline -0.015 -23"><span class='ocrx_word' id='word_1_143' title='bbox 145 1748 232 1838; x_wconf 88' lang='lat' dir='ltr'>quod</span> <span class='ocrx_word' id='word_1_144' title='bbox 265 1744 388 1818; x_wconf 82' lang='lat' dir='ltr'>rideas,</span> <span class='ocrx_word' id='word_1_145' title='bbox 423 1759 485 1806; x_wconf 90' lang='lat' dir='ltr'>non</span> <span class='ocrx_word' id='word_1_146' title='bbox 518 1736 600 1801; x_wconf 91' lang='lat' dir='ltr'>inest</span> <span class='ocrx_word' id='word_1_147' title='bbox 629 1733 716 1821; x_wconf 87' lang='lat' dir='ltr'>quod</span> <span class='ocrx_word' id='word_1_148' title='bbox 745 1727 905 1798; x_wconf 87' lang='lat' dir='ltr'>comedas.</span> <span class='ocrx_word' id='word_1_149' title='bbox 947 1729 1155 1817; x_wconf 79' lang='lat' dir='ltr'>&#39;l&#39;ripartitum</span> <span class='ocrx_word' id='word_1_150' title='bbox 1178 1743 1279 1798; x_wconf 90' lang='lat' dir='ltr'>autem</span> 
     </span>
     <span class='ocr_line' id='line_1_19' title="bbox 145 1815 1278 1908; baseline -0.019 -6"><span class='ocrx_word' id='word_1_151' title='bbox 145 1829 363 1908; x_wconf 88' lang='lat' dir='ltr'>humanitatis,</span> <span class='ocrx_word' id='word_1_152' title='bbox 388 1823 421 1892; x_wconf 89' lang='lat' dir='ltr'>id</span> <span class='ocrx_word' id='word_1_153' title='bbox 443 1833 492 1889; x_wconf 86' lang='lat' dir='ltr'>est</span> <span class='ocrx_word' id='word_1_154' title='bbox 512 1818 694 1898; x_wconf 85' lang='lat' dir='ltr'>theoricae,</span> <span class='ocrx_word' id='word_1_155' title='bbox 715 1817 894 1906; x_wconf 87' lang='lat' dir='ltr'>practicae,</span> <span class='ocrx_word' id='word_1_156' title='bbox 916 1815 1129 1902; x_wconf 87' lang='lat' dir='ltr'>philargicae,</span> <span class='ocrx_word' id='word_1_157' title='bbox 1151 1817 1278 1886; x_wconf 87' lang='lat' dir='ltr'>modum</span> 
     </span>
     <span class='ocr_line' id='line_1_20' title="bbox 147 1896 1282 1998; baseline -0.014 -12"><span class='ocrx_word' id='word_1_158' title='bbox 147 1917 384 1987; x_wconf 85' lang='lat' dir='ltr'>considerantes</span> <span class='ocrx_word' id='word_1_159' title='bbox 406 1915 538 1998; x_wconf 70' lang='lat' dir='ltr'>poetae,</span> <span class='ocrx_word' id='word_1_160' title='bbox 559 1916 742 1994; x_wconf 89' lang='lat' dir='ltr'>proponunt</span> <span class='ocrx_word' id='word_1_161' title='bbox 763 1901 936 1970; x_wconf 88' lang='lat' dir='ltr'>certamina</span> <span class='ocrx_word' id='word_1_162' title='bbox 954 1896 1048 1969; x_wconf 92' lang='lat' dir='ltr'>trium</span> <span class='ocrx_word' id='word_1_163' title='bbox 1067 1901 1218 1981; x_wconf 89' lang='lat' dir='ltr'>dearum,</span> <span class='ocrx_word' id='word_1_164' title='bbox 1241 1902 1282 1970; x_wconf 90' lang='lat' dir='ltr'>dc</span> 
     </span>
     <span class='ocr_line' id='line_1_21' title="bbox 105 1987 1281 2081; baseline -0.015 -8"><span class='ocrx_word' id='word_1_165' title='bbox 105 2007 271 2081; x_wconf 78' lang='lat' dir='ltr'>20lormae</span> <span class='ocrx_word' id='word_1_166' title='bbox 312 1999 439 2064; x_wconf 88' lang='lat' dir='ltr'>ualitate</span> <span class='ocrx_word' id='word_1_167' title='bbox 460 1992 658 2060; x_wconf 87' lang='lat' dir='ltr'>certantium.</span> <span class='ocrx_word' id='word_1_168' title='bbox 687 1989 843 2056; x_wconf 56' lang='lat' dir='ltr'>‚Minerva</span> <span class='ocrx_word' id='word_1_169' title='bbox 865 1987 946 2052; x_wconf 89' lang='lat' dir='ltr'>enim</span> <span class='ocrx_word' id='word_1_170' title='bbox 969 1987 1162 2067; x_wconf 75' lang='lat' dir='ltr'>theoricam,</span> <span class='ocrx_word' id='word_1_171' title='bbox 1183 1987 1214 2054; x_wconf 91' lang='lat' dir='ltr'>id</span> <span class='ocrx_word' id='word_1_172' title='bbox 1233 2004 1281 2056; x_wconf 89' lang='lat' dir='ltr'>est</span> 
     </span>
     <span class='ocr_line' id='line_1_22' title="bbox 147 2025 1279 2174; baseline -0.018 -16"><span class='ocrx_word' id='word_1_173' title='bbox 147 2025 438 2174; x_wconf 67' lang='lat' dir='ltr'>contemplativam</span> <span class='ocrx_word' id='word_1_174' title='bbox 469 2073 765 2164; x_wconf 85' lang='lat' dir='ltr'>Junopractican&#39;r,</span> <span class='ocrx_word' id='word_1_175' title='bbox 786 2072 818 2138; x_wconf 93' lang='lat' dir='ltr'>id</span> <span class='ocrx_word' id='word_1_176' title='bbox 842 2085 890 2140; x_wconf 90' lang='lat' dir='ltr'>est</span> <span class='ocrx_word' id='word_1_177' title='bbox 911 2072 1062 2154; x_wconf 83' lang='lat' dir='ltr'>activam3</span> <span class='ocrx_word' id='word_1_178' title='bbox 1085 2073 1193 2140; x_wconf 92' lang='lat' dir='ltr'>Venus</span> <span class='ocrx_word' id='word_1_179' title='bbox 1214 2074 1279 2162; x_wconf 86' lang='lat' dir='ltr'>pbi-</span> 
     </span>
     <span class='ocr_line' id='line_1_23' title="bbox 145 2157 1280 2264; baseline -0.018 -20"><span class='ocrx_word' id='word_1_180' title='bbox 145 2178 318 2264; x_wconf 88' lang='lat' dir='ltr'>larg&#39;icam,</span> <span class='ocrx_word' id='word_1_181' title='bbox 343 2168 376 2233; x_wconf 90' lang='lat' dir='ltr'>id</span> <span class='ocrx_word' id='word_1_182' title='bbox 403 2175 452 2236; x_wconf 87' lang='lat' dir='ltr'>est</span> <span class='ocrx_word' id='word_1_183' title='bbox 475 2161 679 2251; x_wconf 79' lang='lat' dir='ltr'>voluptariam</span> <span class='ocrx_word' id='word_1_184' title='bbox 705 2161 860 2262; x_wconf 87' lang='lat' dir='ltr'>designat.</span> <span class='ocrx_word' id='word_1_185' title='bbox 904 2157 1155 2245; x_wconf 83' lang='lat' dir='ltr'>Contemplatira</span> <span class='ocrx_word' id='word_1_186' title='bbox 1177 2172 1280 2225; x_wconf 90' lang='lat' dir='ltr'>autem</span> 
     </span>
     <span class='ocr_line' id='line_1_24' title="bbox 117 2241 1279 2343; baseline -0.015 -15"><span class='ocrx_word' id='word_1_187' title='bbox 117 2315 130 2328; x_wconf 90' lang='lat'>.</span> <span class='ocrx_word' id='word_1_188' title='bbox 146 2265 209 2330; x_wconf 82' lang='lat' dir='ltr'>vita</span> <span class='ocrx_word' id='word_1_189' title='bbox 230 2271 294 2339; x_wconf 93' lang='lat' dir='ltr'>est,</span> <span class='ocrx_word' id='word_1_190' title='bbox 315 2277 398 2343; x_wconf 89' lang='lat' dir='ltr'>quae</span> <span class='ocrx_word' id='word_1_191' title='bbox 420 2250 461 2317; x_wconf 92' lang='lat' dir='ltr'>ad</span> <span class='ocrx_word' id='word_1_192' title='bbox 478 2249 651 2338; x_wconf 83' lang='lat' dir='ltr'>sapientiae</span> <span class='ocrx_word' id='word_1_193' title='bbox 672 2259 705 2314; x_wconf 92' lang='lat' dir='ltr'>et</span> <span class='ocrx_word' id='word_1_194' title='bbox 725 2244 862 2311; x_wconf 75' lang='lat' dir='ltr'>veritatis</span> <span class='ocrx_word' id='word_1_195' title='bbox 874 2241 1113 2328; x_wconf 78' lang='lat' dir='ltr'>indagationem</span> <span class='ocrx_word' id='word_1_196' title='bbox 1125 2246 1279 2332; x_wconf 83' lang='lat' dir='ltr'>pertinet3</span> 
     </span>
     <span class='ocr_line' id='line_1_25' title="bbox 147 2328 1280 2431; baseline -0.019 -16"><span class='ocrx_word' id='word_1_197' title='bbox 147 2349 265 2425; x_wconf 88' lang='lat' dir='ltr'>activa,</span> <span class='ocrx_word' id='word_1_198' title='bbox 286 2365 369 2431; x_wconf 87' lang='lat' dir='ltr'>quae</span> <span class='ocrx_word' id='word_1_199' title='bbox 390 2349 520 2403; x_wconf 89' lang='lat' dir='ltr'>ornatus</span> <span class='ocrx_word' id='word_1_200' title='bbox 541 2335 635 2423; x_wconf 91' lang='lat' dir='ltr'>petit,</span> <span class='ocrx_word' id='word_1_201' title='bbox 658 2343 690 2398; x_wconf 93' lang='lat' dir='ltr'>et</span> <span class='ocrx_word' id='word_1_202' title='bbox 711 2331 791 2398; x_wconf 87' lang='lat' dir='ltr'>vitae</span> <span class='ocrx_word' id='word_1_203' title='bbox 812 2328 985 2394; x_wconf 90' lang='lat' dir='ltr'>commodis</span> <span class='ocrx_word' id='word_1_204' title='bbox 1004 2329 1119 2407; x_wconf 88' lang='lat' dir='ltr'>inhiat;</span> <span class='ocrx_word' id='word_1_205' title='bbox 1142 2331 1280 2418; x_wconf 71' lang='lat' dir='ltr'>volupta⁴</span> 
     </span>
     <span class='ocr_line' id='line_1_26' title="bbox 104 2413 1281 2520; baseline -0.017 -20"><span class='ocrx_word' id='word_1_206' title='bbox 104 2436 209 2512; x_wconf 79' lang='lat' dir='ltr'>25ria,</span> <span class='ocrx_word' id='word_1_207' title='bbox 242 2438 324 2520; x_wconf 74' lang='lat' dir='ltr'>quae</span> <span class='ocrx_word' id='word_1_208' title='bbox 352 2425 449 2492; x_wconf 86' lang='lat' dir='ltr'>solam</span> <span class='ocrx_word' id='word_1_209' title='bbox 480 2421 562 2487; x_wconf 85' lang='lat' dir='ltr'>vitae</span> <span class='ocrx_word' id='word_1_210' title='bbox 583 2430 737 2507; x_wconf 88' lang='lat' dir='ltr'>appetens</span> <span class='ocrx_word' id='word_1_211' title='bbox 759 2413 987 2502; x_wconf 83' lang='lat' dir='ltr'>corruptelam,</span> <span class='ocrx_word' id='word_1_212' title='bbox 1022 2413 1138 2479; x_wconf 86' lang='lat' dir='ltr'>libidini</span> <span class='ocrx_word' id='word_1_213' title='bbox 1161 2428 1281 2482; x_wconf 90' lang='lat' dir='ltr'>tantum</span> 
     </span>
     <span class='ocr_line' id='line_1_27' title="bbox 145 2498 1282 2596; baseline -0.018 -11"><span class='ocrx_word' id='word_1_214' title='bbox 145 2531 236 2596; x_wconf 90' lang='lat' dir='ltr'>nata,</span> <span class='ocrx_word' id='word_1_215' title='bbox 268 2513 385 2580; x_wconf 89' lang='lat' dir='ltr'>nullum</span> <span class='ocrx_word' id='word_1_216' title='bbox 419 2509 582 2573; x_wconf 86' lang='lat' dir='ltr'>honestum</span> <span class='ocrx_word' id='word_1_217' title='bbox 619 2505 752 2590; x_wconf 85' lang='lat' dir='ltr'>deputat</span> <span class='ocrx_word' id='word_1_218' title='bbox 783 2502 907 2564; x_wconf 88' lang='lat' dir='ltr'>bonum.</span> <span class='ocrx_word' id='word_1_219' title='bbox 950 2498 1030 2563; x_wconf 85' lang='lat' dir='ltr'>ldeo</span> <span class='ocrx_word' id='word_1_220' title='bbox 1050 2501 1161 2565; x_wconf 89' lang='lat' dir='ltr'>Jovem</span> <span class='ocrx_word' id='word_1_221' title='bbox 1186 2521 1282 2587; x_wconf 89' lang='lat' dir='ltr'>super</span> 
     </span>
     <span class='ocr_line' id='line_1_28' title="bbox 144 2585 1281 2687; baseline -0.018 -16"><span class='ocrx_word' id='word_1_222' title='bbox 144 2605 195 2672; x_wconf 84' lang='lat' dir='ltr'>his</span> <span class='ocrx_word' id='word_1_223' title='bbox 216 2622 279 2667; x_wconf 93' lang='lat' dir='ltr'>non</span> <span class='ocrx_word' id='word_1_224' title='bbox 300 2619 395 2687; x_wconf 89' lang='lat' dir='ltr'>posse</span> <span class='ocrx_word' id='word_1_225' title='bbox 416 2592 558 2678; x_wconf 82' lang='lat' dir='ltr'>judicare</span> <span class='ocrx_word' id='word_1_226' title='bbox 580 2587 741 2664; x_wconf 80' lang='lat' dir='ltr'>dirleruut,</span> <span class='ocrx_word' id='word_1_227' title='bbox 768 2585 841 2675; x_wconf 89' lang='lat' dir='ltr'>quia</span> <span class='ocrx_word' id='word_1_228' title='bbox 860 2596 933 2673; x_wconf 89' lang='lat' dir='ltr'>post</span> <span class='ocrx_word' id='word_1_229' title='bbox 953 2586 1047 2650; x_wconf 91' lang='lat' dir='ltr'>linem</span> <span class='ocrx_word' id='word_1_230' title='bbox 1072 2585 1181 2670; x_wconf 91' lang='lat' dir='ltr'>muudi</span> <span class='ocrx_word' id='word_1_231' title='bbox 1195 2585 1281 2674; x_wconf 74' lang='lat' dir='ltr'>judi⁴</span> 
     </span>
     <span class='ocr_line' id='line_1_29' title="bbox 145 2671 1281 2772; baseline -0.018 -16"><span class='ocrx_word' id='word_1_232' title='bbox 145 2690 228 2755; x_wconf 91' lang='lat' dir='ltr'>cium</span> <span class='ocrx_word' id='word_1_233' title='bbox 249 2682 456 2772; x_wconf 83' lang='lat' dir='ltr'>ignorabant,</span> <span class='ocrx_word' id='word_1_234' title='bbox 479 2675 532 2764; x_wconf 84' lang='lat' dir='ltr'>qni</span> <span class='ocrx_word' id='word_1_235' title='bbox 553 2675 585 2739; x_wconf 93' lang='lat' dir='ltr'>in</span> <span class='ocrx_word' id='word_1_236' title='bbox 608 2673 754 2740; x_wconf 89' lang='lat' dir='ltr'>libertate</span> <span class='ocrx_word' id='word_1_237' title='bbox 772 2671 890 2737; x_wconf 89' lang='lat' dir='ltr'>arbitrii</span> <span class='ocrx_word' id='word_1_238' title='bbox 905 2671 1107 2737; x_wconf 85' lang='lat' dir='ltr'>constitutum</span> <span class='ocrx_word' id='word_1_239' title='bbox 1123 2671 1281 2738; x_wconf 89' lang='lat' dir='ltr'>bominem</span> 
     </span>
     <span class='ocr_line' id='line_1_30' title="bbox 145 2755 1281 2907; baseline -0.018 -66"><span class='ocrx_word' id='word_1_240' title='bbox 145 2773 321 2841; x_wconf 89' lang='lat' dir='ltr'>crederent.</span> <span class='ocrx_word' id='word_1_241' title='bbox 371 2763 455 2840; x_wconf 84' lang='lat' dir='ltr'>Quia</span> <span class='ocrx_word' id='word_1_242' title='bbox 482 2762 606 2849; x_wconf 87' lang='lat' dir='ltr'>itaque,</span> <span class='ocrx_word' id='word_1_243' title='bbox 639 2759 666 2824; x_wconf 90' lang='lat' dir='ltr'>sl</span> <span class='ocrx_word' id='word_1_244' title='bbox 699 2758 782 2824; x_wconf 85' lang='lat' dir='ltr'>velut</span> <span class='ocrx_word' id='word_1_245' title='bbox 813 2756 891 2823; x_wconf 88' lang='lat' dir='ltr'>deus</span> <span class='ocrx_word' id='word_1_246' title='bbox 923 2757 1069 2858; x_wconf 86' lang='lat' dir='ltr'>luppiter</span> <span class='ocrx_word' id='word_1_247' title='bbox 1081 2755 1281 2907; x_wconf 52' lang='lat' dir='ltr'>pudicasset,</span> 
     </span>
     <span class='ocr_line' id='line_1_31' title="bbox 100 2841 1282 2932; baseline -0.017 -4"><span class='ocrx_word' id='word_1_248' title='bbox 100 2854 325 2932; x_wconf 78' lang='lat' dir='ltr'>sodamnando</span> <span class='ocrx_word' id='word_1_249' title='bbox 352 2849 452 2928; x_wconf 90' lang='lat' dir='ltr'>duas,</span> <span class='ocrx_word' id='word_1_250' title='bbox 486 2869 581 2914; x_wconf 90' lang='lat' dir='ltr'>unam</span> <span class='ocrx_word' id='word_1_251' title='bbox 608 2841 825 2912; x_wconf 89' lang='lat' dir='ltr'>tantummodo</span> <span class='ocrx_word' id='word_1_252' title='bbox 849 2843 941 2909; x_wconf 87' lang='lat' dir='ltr'>terris</span> <span class='ocrx_word' id='word_1_253' title='bbox 967 2856 1060 2910; x_wconf 81' lang='lat' dir='ltr'>vitam</span> <span class='ocrx_word' id='word_1_254' title='bbox 1105 2843 1282 2923; x_wconf 86' lang='lat' dir='ltr'>emitteret;</span> 
     </span>
     <span class='ocr_line' id='line_1_32' title="bbox 141 2925 1284 3026; baseline -0.02 -12"><span class='ocrx_word' id='word_1_255' title='bbox 141 2947 184 3014; x_wconf 89' lang='lat' dir='ltr'>ad</span> <span class='ocrx_word' id='word_1_256' title='bbox 204 2941 362 3011; x_wconf 88' lang='lat' dir='ltr'>hominem</span> <span class='ocrx_word' id='word_1_257' title='bbox 377 2934 532 3026; x_wconf 87' lang='lat' dir='ltr'>judicium</span> <span class='ocrx_word' id='word_1_258' title='bbox 562 2931 767 3010; x_wconf 78' lang='lat' dir='ltr'>transfertur,</span> <span class='ocrx_word' id='word_1_259' title='bbox 802 2928 853 2996; x_wconf 86' lang='lat' dir='ltr'>eui</span> <span class='ocrx_word' id='word_1_260' title='bbox 882 2927 1041 3013; x_wconf 86' lang='lat' dir='ltr'>deligendi</span> <span class='ocrx_word' id='word_1_261' title='bbox 1062 2927 1195 2996; x_wconf 91' lang='lat' dir='ltr'>liberum</span> <span class='ocrx_word' id='word_1_262' title='bbox 1225 2925 1284 2992; x_wconf 83' lang='lat' dir='ltr'>de-</span> 
     </span>
     <span class='ocr_line' id='line_1_33' title="bbox 141 3013 1284 3106; baseline -0.019 -8"><span class='ocrx_word' id='word_1_263' title='bbox 141 3027 235 3098; x_wconf 75' lang='lat' dir='ltr'>betur&#39;</span> <span class='ocrx_word' id='word_1_264' title='bbox 265 3023 436 3094; x_wconf 87' lang='lat' dir='ltr'>arbitrium.</span> <span class='ocrx_word' id='word_1_265' title='bbox 479 3018 546 3087; x_wconf 87' lang='lat' dir='ltr'>Sed</span> <span class='ocrx_word' id='word_1_266' title='bbox 579 3020 665 3083; x_wconf 90' lang='lat' dir='ltr'>bene</span> <span class='ocrx_word' id='word_1_267' title='bbox 689 3028 797 3106; x_wconf 90' lang='lat' dir='ltr'>pastor</span> <span class='ocrx_word' id='word_1_268' title='bbox 824 3036 888 3080; x_wconf 92' lang='lat' dir='ltr'>non</span> <span class='ocrx_word' id='word_1_269' title='bbox 919 3013 1036 3100; x_wconf 86' lang='lat' dir='ltr'>sagitta</span> <span class='ocrx_word' id='word_1_270' title='bbox 1055 3025 1181 3103; x_wconf 81' lang='lat' dir='ltr'>certus,</span> <span class='ocrx_word' id='word_1_271' title='bbox 1219 3033 1284 3080; x_wconf 92' lang='lat' dir='ltr'>non</span> 
     </span>
     <span class='ocr_line' id='line_1_34' title="bbox 136 3099 1285 3207; baseline -0.017 -23"><span class='ocrx_word' id='word_1_272' title='bbox 136 3118 244 3207; x_wconf 84' lang='lat' dir='ltr'>jaculo</span> <span class='ocrx_word' id='word_1_273' title='bbox 266 3116 384 3191; x_wconf 91' lang='lat' dir='ltr'>bonus,</span> <span class='ocrx_word' id='word_1_274' title='bbox 404 3131 467 3174; x_wconf 95' lang='lat' dir='ltr'>non</span> <span class='ocrx_word' id='word_1_275' title='bbox 485 3105 570 3174; x_wconf 83' lang='lat' dir='ltr'>vultu</span> <span class='ocrx_word' id='word_1_276' title='bbox 593 3103 747 3182; x_wconf 90' lang='lat' dir='ltr'>decorus,</span> <span class='ocrx_word' id='word_1_277' title='bbox 769 3123 830 3166; x_wconf 94' lang='lat' dir='ltr'>non</span> <span class='ocrx_word' id='word_1_278' title='bbox 852 3100 981 3185; x_wconf 84' lang='lat' dir='ltr'>ingenio</span> <span class='ocrx_word' id='word_1_279' title='bbox 1002 3119 1121 3184; x_wconf 83' lang='lat' dir='ltr'>sagax,</span> <span class='ocrx_word' id='word_1_280' title='bbox 1142 3099 1216 3187; x_wconf 90' lang='lat' dir='ltr'>qui,</span> <span class='ocrx_word' id='word_1_281' title='bbox 1248 3109 1285 3164; x_wconf 88' lang='lat' dir='ltr'>ut</span> 
     </span>
     <span class='ocr_line' id='line_1_35' title="bbox 141 3183 1286 3291; baseline -0.018 -22"><span class='ocrx_word' id='word_1_282' title='bbox 141 3203 300 3291; x_wconf 91' lang='lat' dir='ltr'>pecudum</span> <span class='ocrx_word' id='word_1_283' title='bbox 314 3220 383 3264; x_wconf 90' lang='lat' dir='ltr'>mos</span> <span class='ocrx_word' id='word_1_284' title='bbox 396 3206 461 3274; x_wconf 85' lang='lat' dir='ltr'>est,</span> <span class='ocrx_word' id='word_1_285' title='bbox 484 3190 524 3258; x_wconf 89' lang='lat' dir='ltr'>ad</span> <span class='ocrx_word' id='word_1_286' title='bbox 547 3188 704 3256; x_wconf 88' lang='lat' dir='ltr'>libidinem</span> <span class='ocrx_word' id='word_1_287' title='bbox 726 3188 808 3254; x_wconf 84' lang='lat' dir='ltr'>visus</span> <span class='ocrx_word' id='word_1_288' title='bbox 829 3184 978 3267; x_wconf 87' lang='lat' dir='ltr'>detorsit,</span> <span class='ocrx_word' id='word_1_289' title='bbox 999 3207 1095 3272; x_wconf 83' lang='lat' dir='ltr'>quam</span> <span class='ocrx_word' id='word_1_290' title='bbox 1114 3183 1286 3251; x_wconf 84' lang='lat' dir='ltr'>virtutibus</span> 
     </span>
    </p>

    <p class='ocr_par' dir='ltr' id='par_1_4' title="bbox 100 3270 1288 3543">
     <span class='ocr_line' id='line_1_36' title="bbox 100 3270 1284 3385; baseline -0.02 -29"><span class='ocrx_word' id='word_1_291' title='bbox 100 3307 135 3358; x_wconf 78' lang='lat'>35</span> <span class='ocrx_word' id='word_1_292' title='bbox 144 3302 175 3355; x_wconf 92' lang='lat' dir='ltr'>et</span> <span class='ocrx_word' id='word_1_293' title='bbox 208 3286 335 3354; x_wconf 82' lang='lat' dir='ltr'>divitiis·</span> <span class='ocrx_word' id='word_1_294' title='bbox 354 3279 546 3385; x_wconf 82' lang='lat' dir='ltr'>praeposuit</span> <span class='ocrx_word' id='word_1_295' title='bbox 604 3275 751 3363; x_wconf 87' lang='lat' dir='ltr'>Denique</span> <span class='ocrx_word' id='word_1_296' title='bbox 790 3270 938 3337; x_wconf 83' lang='lat' dir='ltr'>Achillem</span> <span class='ocrx_word' id='word_1_297' title='bbox 972 3279 1080 3336; x_wconf 91' lang='lat' dir='ltr'>natum</span> <span class='ocrx_word' id='word_1_298' title='bbox 1113 3270 1284 3336; x_wconf 85' lang='lat' dir='ltr'>materia</span> 
     </span>
     <span class='ocr_line' id='line_1_37' title="bbox 142 3351 1286 3462; baseline -0.019 -22"><span class='ocrx_word' id='word_1_299' title='bbox 142 3397 240 3462; x_wconf 87' lang='lat' dir='ltr'>aquas</span> <span class='ocrx_word' id='word_1_300' title='bbox 272 3373 403 3459; x_wconf 83' lang='lat' dir='ltr'>Stygias</span> <span class='ocrx_word' id='word_1_301' title='bbox 432 3363 588 3442; x_wconf 84' lang='lat' dir='ltr'>rntirmit3·</span> <span class='ocrx_word' id='word_1_302' title='bbox 610 3383 681 3426; x_wconf 90' lang='lat' dir='ltr'>nam</span> <span class='ocrx_word' id='word_1_303' title='bbox 716 3379 814 3424; x_wconf 86' lang='lat' dir='ltr'>venae</span> <span class='ocrx_word' id='word_1_304' title='bbox 846 3368 919 3423; x_wconf 90' lang='lat' dir='ltr'>sunt</span> <span class='ocrx_word' id='word_1_305' title='bbox 947 3353 978 3419; x_wconf 90' lang='lat' dir='ltr'>in</span> <span class='ocrx_word' id='word_1_306' title='bbox 1007 3355 1089 3434; x_wconf 91' lang='lat' dir='ltr'>talo,</span> <span class='ocrx_word' id='word_1_307' title='bbox 1114 3357 1122 3366; x_wconf 79' lang='grc'><strong>“</strong></span> <span class='ocrx_word' id='word_1_308' title='bbox 1152 3377 1215 3420; x_wconf 91' lang='lat' dir='ltr'>uae</span> <span class='ocrx_word' id='word_1_309' title='bbox 1242 3351 1286 3420; x_wconf 91' lang='lat' dir='ltr'>ad</span> 
     </span>
     <span class='ocr_line' id='line_1_38' title="bbox 140 3439 1288 3543; baseline -0.022 -17"><span class='ocrx_word' id='word_1_310' title='bbox 140 3481 252 3525; x_wconf 91' lang='lat' dir='ltr'>renum</span> <span class='ocrx_word' id='word_1_311' title='bbox 276 3467 373 3543; x_wconf 89' lang='lat' dir='ltr'>atque</span> <span class='ocrx_word' id='word_1_312' title='bbox 401 3451 531 3516; x_wconf 87' lang='lat' dir='ltr'>virilium</span> <span class='ocrx_word' id='word_1_313' title='bbox 560 3448 714 3512; x_wconf 91' lang='lat' dir='ltr'>rationem</span> <span class='ocrx_word' id='word_1_314' title='bbox 746 3442 905 3531; x_wconf 91' lang='lat' dir='ltr'>pertinere</span> <span class='ocrx_word' id='word_1_315' title='bbox 935 3439 1090 3508; x_wconf 89' lang='lat' dir='ltr'>dicuntur.</span> <span class='ocrx_word' id='word_1_316' title='bbox 1169 3441 1201 3506; x_wconf 91' lang='lat' dir='ltr'>ic</span> <span class='ocrx_word' id='word_1_317' title='bbox 1223 3458 1288 3527; x_wconf 93' lang='lat' dir='ltr'>per</span> 
     </span>
    </p>

    <p class='ocr_par' dir='ltr' id='par_1_5' title="bbox 63 3525 1352 3712">
     <span class='ocr_line' id='line_1_39' title="bbox 63 3525 1285 3619; baseline -0.021 -6"><span class='ocrx_word' id='word_1_318' title='bbox 63 3570 67 3577; x_wconf 75' lang='grc'><em>’</em></span> <span class='ocrx_word' id='word_1_319' title='bbox 140 3545 238 3612; x_wconf 88' lang='lat' dir='ltr'>talum</span> <span class='ocrx_word' id='word_1_320' title='bbox 266 3541 464 3612; x_wconf 81' lang='lat' dir='ltr'>vulneratus,</span> <span class='ocrx_word' id='word_1_321' title='bbox 501 3554 609 3600; x_wconf 91' lang='lat' dir='ltr'>amore</span> <span class='ocrx_word' id='word_1_322' title='bbox 637 3530 819 3619; x_wconf 86' lang='lat' dir='ltr'>Polyxenae</span> <span class='ocrx_word' id='word_1_323' title='bbox 840 3527 938 3616; x_wconf 91' lang='lat' dir='ltr'>periit.</span> <span class='ocrx_word' id='word_1_324' title='bbox 993 3525 1166 3612; x_wconf 60' lang='lat' dir='ltr'>Heluidio]</span> <span class='ocrx_word' id='word_1_325' title='bbox 1194 3525 1285 3589; x_wconf 92' lang='lat' dir='ltr'>enim</span> 
     </span>
     <span class='ocr_line' id='line_1_40' title="bbox 143 3609 1352 3712; baseline -0.026 -14"><span class='ocrx_word' id='word_1_326' title='bbox 143 3633 271 3696; x_wconf 84' lang='lat' dir='ltr'>Graece</span> <span class='ocrx_word' id='word_1_327' title='bbox 289 3625 478 3693; x_wconf 81' lang='lat' dir='ltr'>multorum</span> <span class='ocrx_word' id='word_1_328' title='bbox 498 3617 689 3707; x_wconf 81' lang='lat' dir='ltr'>peregrina</span> <span class='ocrx_word' id='word_1_329' title='bbox 709 3614 841 3692; x_wconf 91' lang='lat' dir='ltr'>dicitur,</span> <span class='ocrx_word' id='word_1_330' title='bbox 873 3612 945 3701; x_wconf 87' lang='lat' dir='ltr'>quia</span> <span class='ocrx_word' id='word_1_331' title='bbox 972 3633 1062 3679; x_wconf 91' lang='lat' dir='ltr'>amor</span> <span class='ocrx_word' id='word_1_332' title='bbox 1081 3609 1286 3712; x_wconf 83' lang='lat' dir='ltr'>peregrinari</span> <span class='ocrx_word' id='word_1_333' title='bbox 1351 3621 1352 3666; x_wconf 79' lang='lat' dir='ltr'>l</span> 
     </span>
    </p>

    <p class='ocr_par' dir='ltr' id='par_1_6' title="bbox 100 3669 1352 3796">
     <span class='ocr_line' id='line_1_41' title="bbox 100 3695 1285 3796; baseline -0.021 -13"><span class='ocrx_word' id='word_1_334' title='bbox 100 3718 219 3796; x_wconf 74' lang='lat' dir='ltr'>mlacit</span> <span class='ocrx_word' id='word_1_335' title='bbox 250 3725 379 3780; x_wconf 85' lang='lat' dir='ltr'>mentes.</span> <span class='ocrx_word' id='word_1_336' title='bbox 440 3707 589 3772; x_wconf 88' lang='lat' dir='ltr'>Humana</span> <span class='ocrx_word' id='word_1_337' title='bbox 623 3723 758 3790; x_wconf 88' lang='lat' dir='ltr'>namque</span> <span class='ocrx_word' id='word_1_338' title='bbox 789 3698 901 3781; x_wconf 84' lang='lat' dir='ltr'>virtus,</span> <span class='ocrx_word' id='word_1_339' title='bbox 936 3696 1117 3764; x_wconf 79' lang='lat' dir='ltr'>adomnia</span> <span class='ocrx_word' id='word_1_340' title='bbox 1148 3695 1285 3774; x_wconf 86' lang='lat' dir='ltr'>munita,</span> 
     </span>
    </p>

    <p class='ocr_par' dir='ltr' id='par_1_7' title="bbox 1351 3791 1352 3834">
     <span class='ocr_line' id='line_1_42' title="bbox 1351 3791 1352 3834; baseline 0 0"><span class='ocrx_word' id='word_1_341' title='bbox 1351 3791 1352 3834; x_wconf 83' lang='lat' dir='ltr'>l</span> 
     </span>
    </p>
   </div>
   <div class='ocr_carea' id='block_1_3' title="bbox 6 3784 897 3892">
    <p class='ocr_par' dir='ltr' id='par_1_8' title="bbox 6 3784 897 3892">
     <span class='ocr_line' id='line_1_43' title="bbox 6 3784 897 3892; baseline -0.028 -20"><span class='ocrx_word' id='word_1_342' title='bbox 6 3879 9 3892; x_wconf 22' lang='grc' dir='ltr'><em>γ</em></span> <span class='ocrx_word' id='word_1_343' title='bbox 131 3800 273 3868; x_wconf 87' lang='lat' dir='ltr'>libidinis</span> <span class='ocrx_word' id='word_1_344' title='bbox 290 3811 396 3868; x_wconf 89' lang='lat' dir='ltr'>tamen</span> <span class='ocrx_word' id='word_1_345' title='bbox 415 3793 529 3861; x_wconf 85' lang='lat' dir='ltr'>ictibus</span> <span class='ocrx_word' id='word_1_346' title='bbox 550 3784 830 3877; x_wconf 69' lang='lat' dir='ltr'>subjacetpatula.</span> <span class='ocrx_word' id='word_1_347' title='bbox 894 3811 897 3818; x_wconf 57' lang='lat'><strong><em>¹</em></strong></span> 
     </span>
    </p>
   </div>
   <div class='ocr_carea' id='block_1_4' title="bbox 389 3939 1089 4084">
    <p class='ocr_par' dir='ltr' id='par_1_9' title="bbox 389 3939 1089 4084">
     <span class='ocr_line' id='line_1_44' title="bbox 389 3939 1089 4084; baseline -0.026 -14"><span class='ocrx_word' id='word_1_348' title='bbox 389 3993 486 4070; x_wconf 76' lang='lat'><strong>207.</strong></span> <span class='ocrx_word' id='word_1_349' title='bbox 539 3945 783 4067; x_wconf 68' lang='lat' dir='ltr'>sacerdos</span> <span class='ocrx_word' id='word_1_350' title='bbox 804 3969 1016 4084; x_wconf 83' lang='lat' dir='ltr'>Neptuni.</span> <span class='ocrx_word' id='word_1_351' title='bbox 1084 3939 1089 3946; x_wconf 90' lang='lat'>.</span> 
     </span>
    </p>
   </div>
   <div class='ocr_carea' id='block_1_5' title="bbox 137 4096 1352 4308">
    <p class='ocr_par' dir='ltr' id='par_1_10' title="bbox 137 4073 1352 4308">
     <span class='ocr_line' id='line_1_45' title="bbox 137 4096 1286 4204; baseline -0.03 -5"><span class='ocrx_word' id='word_1_352' title='bbox 137 4113 139 4116; x_wconf 16' lang='grc' dir='ltr'>Ι</span> <span class='ocrx_word' id='word_1_353' title='bbox 186 4195 190 4204; x_wconf 84' lang='grc'><strong>,</strong></span> <span class='ocrx_word' id='word_1_354' title='bbox 226 4131 307 4196; x_wconf 89' lang='lat' dir='ltr'>Post</span> <span class='ocrx_word' id='word_1_355' title='bbox 327 4122 496 4192; x_wconf 82' lang='lat' dir='ltr'>adventurn</span> <span class='ocrx_word' id='word_1_356' title='bbox 524 4123 724 4186; x_wconf 86' lang='lat' dir='ltr'>Graecorum</span> <span class='ocrx_word' id='word_1_357' title='bbox 745 4111 789 4188; x_wconf 87' lang='lat' dir='ltr'>ad</span> <span class='ocrx_word' id='word_1_358' title='bbox 808 4096 1113 4200; x_wconf 77' lang='lat' dir='ltr'>&#39;l&#39;rojam&#39;sacerdos</span> <span class='ocrx_word' id='word_1_359' title='bbox 1134 4099 1286 4194; x_wconf 89' lang='lat' dir='ltr'>Neptuni</span> 
     </span>
     <span class='ocr_line' id='line_1_46' title="bbox 139 4193 1352 4308; baseline -0.021 -24"><span class='ocrx_word' id='word_1_360' title='bbox 139 4217 293 4308; x_wconf 87' lang='lat' dir='ltr'>lapidibus</span> <span class='ocrx_word' id='word_1_361' title='bbox 314 4211 439 4280; x_wconf 86' lang='lat' dir='ltr'>occisus</span> <span class='ocrx_word' id='word_1_362' title='bbox 454 4219 519 4288; x_wconf 87' lang='lat' dir='ltr'>est,</span> <span class='ocrx_word' id='word_1_363' title='bbox 539 4205 592 4294; x_wconf 89' lang='lat' dir='ltr'>qui</span> <span class='ocrx_word' id='word_1_364' title='bbox 604 4199 766 4271; x_wconf 79' lang='lat' dir='ltr'>sacrificiis</span> <span class='ocrx_word' id='word_1_365' title='bbox 778 4221 889 4290; x_wconf 84' lang='lat' dir='ltr'>eorum</span> <span class='ocrx_word' id='word_1_366' title='bbox 900 4217 963 4263; x_wconf 89' lang='lat' dir='ltr'>uon</span> <span class='ocrx_word' id='word_1_367' title='bbox 974 4194 1087 4308; x_wconf 70' lang='lat' dir='ltr'>vetavit</span> <span class='ocrx_word' id='word_1_368' title='bbox 1096 4193 1288 4262; x_wconf 83' lang='lat' dir='ltr'>adrentum·</span> <span class='ocrx_word' id='word_1_369' title='bbox 1351 4193 1352 4258; x_wconf 89' lang='lat' dir='ltr'>l</span> 
     </span>
    </p>
   </div>
   <div class='ocr_carea' id='block_1_6' title="bbox 0 0 1372 4788">
    <p class='ocr_par' dir='ltr' id='par_1_11' title="bbox 0 0 1372 4788">
     <span class='ocr_line' id='line_1_47' title="bbox 0 0 1372 4788; baseline 0 0"><span class='ocrx_word' id='word_1_370' title='bbox 0 0 1372 4788; x_wconf 95' lang='lat' dir='ltr'> </span> 
     </span>
    </p>
   </div>
  </div>
 </body>
</html>
