2716 4794
158 166 214 247 82
478 165 662 276 Mythogr.
690 167 747 241 11.
797 161 867 242 25.
908 161 979 240 24.

159 321 272 422 contra
292 373 399 419 rerum
422 363 566 420 naturam
595 351 626 418 in
649 348 762 418 mediis
791 351 918 419 aestivis
948 349 1125 419 femoribus
1156 349 1298 437 (foetus)

159 463 219 506 ova
242 439 361 528 pariat,
383 439 449 506 sive
470 439 556 528 quod
576 435 690 506 multas
710 436 965 524 significationes
981 460 1096 506 vocum
1116 437 1225 506 habet.

439 607 507 684 25.
562 604 807 708 Apollinis
842 597 1014 685 laurus.

243 737 296 802 De
315 735 405 802 lauro
427 748 532 804 autern
553 733 613 822 ipsi
635 748 824 803 consecrata
842 736 925 804 haec
941 747 991 828 est
1006 737 1121 804 sabula.
1150 735 1299 825 Daphne,
1357 726 1358 743 ¹

84 829 87 836 “
134 822 260 890 sPenei
281 823 416 888 fluminis
438 822 518 900 lilia,
573 843 647 887 uum
676 819 815 888 omnium
842 820 999 910 virginum
1020 823 1206 892 Thessaliae
1227 847 1300 912 spe-

157 907 329 974 ciosissima
358 917 460 989 esset,
492 844 619 1007 Apllllo,
652 929 692 972 ea
726 929 803 974 cons
827 919 916 988 ecta,
946 909 1050 978 forma
1082 911 1150 1002 ejus
1175 910 1302 986 exarsit,

158 993 289 1080 cupiens
316 992 358 1058 illi
387 995 447 1059 vim
479 993 607 1058 interne.
660 991 736 1072 Illa,
768 1015 786 1060 a
812 1005 925 1061 vocato
945 1008 1053 1082 patre,
1076 1011 1111 1066 ut
1130 995 1174 1060 vir
1199 992 1302 1062 initati

155 1103 250 1168 opem
271 1079 385 1159 ferret,
415 1079 541 1145 'l'errae
561 1077 763 1144 miseratione
793 1089 868 1145 ante
890 1081 1094 1150 concubitum
1126 1083 1157 1148 in
1175 1018 1301 1148 launum
1357 1114 1358 1145 1

107 1175 112 1184 '
141 1179 206 1245 ¹est
230 1186 401 1240 conversa,
430 1176 463 1230 et
484 1165 525 1228 ab
547 1161 688 1252 Apolline
708 1165 740 1229 in
761 1163 892 1232 tutelam
914 1181 1054 1256 recepta.
1096 1167 1222 1236 Dicitur
1244 1191 1300 1234 an·

117 1263 223 1328 10tem
236 1252 339 1317 Penei
361 1249 499 1316 fluminis
521 1248 584 1314 lilia
606 1269 696 1329 esse,
718 1247 792 1337 quia
813 1249 921 1318 laurus
946 1253 988 1317 de
1010 1253 1193 1318 fluvialibus
1208 1253 1300 1340 aquis

158 1337 314 1418 nascitur,
353 1356 437 1422 quae
465 1346 499 1401 et
525 1334 558 1399 in
587 1333 729 1422 ejusdem
751 1335 853 1401 Penei
883 1337 1019 1420 fluminis
1051 1339 1126 1428 ripis
1148 1339 1300 1406 abundat.

123 1495 128 1508 ,
156 1424 267 1491 Amica
287 1421 437 1524 Apollinis
458 1421 532 1487 ideo
554 1418 687 1500 dicitur,
715 1419 789 1508 quia
809 1421 867 1502 illi,
896 1423 951 1525 qui
973 1422 1015 1489 de
1036 1424 1230 1492 somniorum
1254 1425 1299 1490 in-

33 1514 35 1523 '
154 1516 386 1597 terpretauone
419 1507 629 1596 scripserunt,
658 1506 862 1594 promittunt,
891 1529 918 1573 u
939 1507 1047 1578 laurus
1070 1509 1299 1578 dormientibus

156 1594 200 1661 ad
221 1604 319 1683 caput
337 1592 483 1683 ponitur,
514 1613 589 1660 vera
610 1609 666 1658 eos
687 1590 808 1660 risuros
830 1615 910 1660 esse.

115 1801 151 1851 15
340 1761 411 1839 24.
474 1759 718 1862 Apollinis
756 1731 914 1840 novem
945 1765 1115 1842 Musae.

241 1891 373 1984 Apollini
389 1914 503 1959 novem
524 1893 813 1982 deputantMusas‚
835 1896 1002 1986 ipsumque
1022 1894 1182 1963 decimum
1198 1887 1297 1966 illusis

157 1979 318 2070 adjiciunt,
341 2001 381 2045 ea
403 1978 568 2072 decanea,
590 1978 677 2068 quod
691 1979 851 2048 humanae
867 1983 954 2049 vocis
969 1982 1084 2049 decem
1095 1992 1171 2048 sunt
1184 1979 1298 2046 modu·

155 2067 280 2135 lamina.
322 2065 392 2133 Nos
413 2087 489 2132 vero
520 2087 635 2131 novem
656 2065 766 2150 Musas
787 2065 954 2134 doctrinae
973 2081 1007 2137 et
1027 2066 1180 2134 scientiae
1201 2064 1297 2132 edici·
1357 2140 1358 2143 Ἴ

29 2159 31 2164 ’
156 2177 228 2221 mus
256 2150 380 2219 modos.
428 2151 540 2218 Prima
569 2163 617 2218 est
645 2151 734 2233 cuo,
766 2153 857 2240 qnasi
885 2153 1055 2242 cogitatio
1083 2151 1203 2240 prima
1222 2151 1297 2216 din-

114 2238 278 2318 oscendi,
307 2245 390 2327 quae
409 2240 553 2324 repperit
580 2237 738 2306 historias.
791 2239 902 2315 Kline
928 2237 1009 2305 enim
1038 2239 1167 2304 Graece
1190 2235 1297 2322 sama

157 2325 290 2402 dicitur,
313 2323 509 2412 quianullus
531 2322 693 2390 scientiam
715 2324 856 2412 quaerit,
878 2324 936 2390 nisi
955 2325 987 2389 in
1009 2345 1072 2414 qua
1094 2322 1199 2404 lamae
1220 2342 1302 2387 suae
1356 2367 1357 2372 η

157 2409 295 2502 protelet
325 2408 525 2496 dignitatem.
577 2407 729 2474 Secunda
757 2409 918 2496 Euterpe,
949 2409 983 2475 id
1011 2420 1060 2476 est
1080 2405 1163 2472 bene
1183 2405 1299 2470 delec-
1353 2428 1354 2434 ¹

158 2507 257 2574 tans,
287 2516 371 2582 quaa
392 2495 504 2570 tibiam
533 2494 607 2581 quia
628 2493 762 2580 primunt
784 2504 834 2561 est
849 2516 1021 2582 quaerere,
1041 2491 1219 2561 seeundum
1240 2490 1299 2556 de·
1356 2553 1357 2560 ,

157 2579 276 2646 lectari.
320 2579 434 2646 'tertia
454 2579 673 2667 Melpomene,
704 2577 738 2644 id
760 2579 957 2646 estanneio
982 2580 1117 2660 dicens,
1153 2578 1203 2645 vel
1222 2599 1299 2640 me-
1352 2569 1357 2602 ‘¹

115 2664 368 2732 aedicationem
390 2661 551 2749 faciens,
584 2685 668 2754 quae
686 2665 887 2752 tragoediam
921 2676 957 2732 nt
983 2667 1024 2733 sit
1051 2665 1186 2753 primum
1206 2662 1299 2738 velle,

158 2748 335 2817 secundnm
363 2748 564 2828 desiderare,
608 2749 694 2838 quod
723 2750 816 2832 velis,
852 2750 979 2820 tertium
1009 2751 1172 2830 meditari,
1207 2745 1299 2836 quod

84 2837 102 2874 '·
159 2833 333 2904 desideras.
374 2835 501 2912 'Quarta
521 2833 654 2915 Thalia,
692 2834 726 2903 id
750 2849 798 2906 est
819 2835 909 2902 dans
929 2835 1181 2924 capacitatem,
1211 2855 1300 2921 quae

158 2921 360 3003 comoedias3
381 2921 456 3010 quia
476 2932 551 3010 post
570 2921 762 2990 desiderium
786 2945 867 3014 opus
888 2933 939 2988 est
953 2920 1138 3009 capacitate.
1175 2921 1301 2996 Quinta

158 3007 344 3098 Polymnia,
380 3005 413 3073 id
442 3022 491 3075 cst
512 3005 625 3096 plura
644 3007 849 3087 recordans,
879 3007 928 3073 rel
947 3005 1081 3072 multae
1101 3003 1303 3086 memoriae,

99 3113 246 3184 eaquae
275 3093 468 3162 rhetoricam
476 3116 486 3175 ;
525 3091 600 3182 quia
627 3107 700 3182 post
730 3094 939 3182 capacitatem
982 3091 1136 3158 memoria
1162 3102 1212 3160 est
1241 3113 1301 3157 ne·

158 3179 307 3248 cessaria
351 3180 452 3246 Sexta
477 3190 528 3246 est
545 3178 666 3256 Erato,
699 3173 733 3246 id
762 3192 811 3248 est
837 3175 1016 3244 inveniens
1043 3177 1176 3255 simile,
1212 3197 1302 3265 quae

157 3265 385 3354 geometriam
421 3265 495 3354 qnia
522 3277 597 3354 post
626 3264 804 3338 scientiam,
817 3274 851 3331 et
877 3262 1063 3330 memoriam
1085 3273 1220 3329 conatur
1242 3261 1301 3328 ali-

157 3351 234 3441 quid
254 3350 314 3424 sibi
340 3351 441 3441 simile
469 3351 512 3418 de
538 3373 600 3418 suo
626 3350 776 3418 invenire.
830 3347 977 3436 Septima
994 3347 1232 3438 Terpsichore,
1264 3345 1301 3414 id

158 3451 209 3508 est
236 3437 504 3503 instructionem
528 3434 712 3523 formans,
746 3457 832 3524 qnae
856 3432 1048 3523 psalterium.
1098 3433 1192 3520 Ergo
1222 3441 1302 3521 post

115 3539 150 3587 aa
157 3524 371 3592 inventionem*
379 3534 507 3627 oportet
519 3521 615 3608 etiam
632 3522 815 3590 discernere
831 3533 866 3589 et
877 3518 1037 3608 judicare,
1058 3517 1133 3668 ‹puid
1145 3519 1302 3586 invenias.

157 3612 281 3678 Octava
311 3609 451 3689 Urania,
490 3607 524 3678 id
573 3621 603 3675 st
627 3607 802 3674 sonoritas
815 3605 999 3679 'coelestim
1035 3626 1073 3671 ve
1108 3602 1199 3670 bona
1218 3629 1303 3684 vox,

540 3631 632 3761 'l'ost
659 3691 932 3780 dijudicationem
947 3690 1031 3758 enim
1057 3689 1166 3776 eligis,
1205 3689 1302 3778 quod

180 3719 241 3764 uae
275 3695 491 3784 astrologiam.

156 3720 261 3865 ilices,
288 3782 374 3870 quad
397 3799 545 3869 respuas:
577 3779 697 3867 eligere
717 3778 800 3846 enirn
820 3775 911 3856 utile,
941 3775 1098 3842 caducum
1122 3797 1163 3840 ue
1185 3773 1301 3866 ‹lespi-

108 3890 109 3895 ’
150 3875 232 3948 cer'e
271 3867 409 3936 caeleste
436 3863 599 3952 ingenium
634 3876 693 3931 est.
743 3863 839 3934 Nona
866 3855 1026 3950 Calliope,
1066 3799 1120 3927 vel
1140 3860 1303 3948 optimae

115 3957 266 4031 tovoaia,
303 3954 351 4019 vel
379 3953 512 4038 optima
541 3948 713 4023 tribuens,
748 3948 843 4036 Ergo
870 3949 917 4016 sic
947 3946 1028 4013 ordo
1058 3956 1122 4013 est:
1158 3944 1304 4046 primum

149 4041 233 4107 ‘velle
255 4039 450 4116 doctrinam}
481 4035 657 4102 secundum
679 4034 841 4115 delectari,
861 4032 948 4123 qnod
970 4031 1062 4111 velis3
1096 4041 1225 4099 tertium
1245 4031 1302 4096 in-

153 4139 240 4194 stare
263 4123 304 4204 ad
324 4123 376 4200 id,
404 4145 467 4208 quo
488 4121 664 4190 delectatus
685 4143 737 4202 es3
758 4131 905 4208 quartum
925 4129 974 4186 est
991 4138 1118 4206 capere,
1140 4114 1182 4182 ad
1204 4115 1305 4204 quod

153 4213 251 4278 instas
272 4207 321 4300 yel
341 4208 556 4297 desideratum
579 4221 645 4290 est;
677 4206 821 4296 quintum
837 4203 1028 4287 memorari,
1067 4200 1156 4291 quotl
1186 4202 1304 4292 capis3
